2306 3724
250 275 297 310 42
1051 269 1106 312 St.
1126 277 1172 313 70
1185 287 1220 316 a.
1248 277 1304 313 71.

1040 466 1130 537 st.
1149 480 1236 534 ἰο
1259 500 1305 532 a.

395 607 545 665 (Med
577 609 745 654 letom
777 609 922 653 1122.
949 609 1003 653 in
1036 608 1199 666 1137.)

394 705 434 747 V
465 707 679 748 Zenskem
713 710 972 749 samostanu
1008 708 1070 761 pri
1106 706 1182 750 Sv.
1208 706 1340 762 Juriju
1373 719 1430 748 na
1464 706 1713 750 Koroskem
1747 708 1788 749 ni
1831 706 1920 748 bilo
1963 717 2102 760 prave

251 776 492 829 discipline.
538 775 606 819 Ko
639 777 679 830 ie
713 777 965 820 admontski
999 781 1106 832 opat
1136 777 1342 821 Wolfold
1377 778 1497 820 dobil
1529 778 1803 821 nadzorstvo
1837 781 1917 820 cez
1950 788 2100 819 samo-

250 850 361 898 stan,
396 847 434 899 je
468 847 679 890 odstranil
714 850 893 902 opatico
928 851 969 891 in
1002 862 1083 892 vse
1116 851 1215 892 tiste
1249 862 1377 900 nune,
1413 850 1563 892 katere
1596 861 1648 892 so
1681 852 1925 904 pregresno
1946 847 2103 890 Zivele.

251 916 319 959 Na
352 918 440 971 njih
473 923 616 962 mesto
649 920 689 974 je
722 921 913 974 poklical
947 922 987 962 iz
1020 920 1246 963 Hdmonta
1279 921 1454 975 dvajset
1486 921 1643 976 drugih
1676 932 1776 963 nun.
1807 919 1967 962 Zaradi
1998 922 2101 973 teqa

249 1000 305 1043 qa
339 989 378 1042 je
414 988 698 1041 Gunther,
733 991 912 1045 mejni
948 991 1084 1047 gros
1114 992 1357 1045 celjski,
1393 993 1490 1046 ujel,
1524 992 1684 1034 zvezal
1715 994 1855 1034 terna
1878 992 2102 1032 sramoten

249 1061 376 1102 naein
410 1072 465 1102 na
499 1062 632 1114 konju
667 1061 860 1116 odpeljal
893 1062 1092 1118 druqam.
1140 1062 1259 1116 Opat
1289 1064 1330 1116 ie
1364 1064 1501 1106 moral
1535 1064 1672 1105 toliko
1706 1062 1926 1116 pretrpeti,
1973 1060 2028 1102 da
2061 1060 2101 1113 je

250 1130 338 1173 bilo
372 1132 509 1173 zarad
543 1135 644 1188 teqa
680 1134 867 1176 uniceno
901 1135 1097 1189 njeqovo
1141 1134 1336 1188 zdravje.
1389 1133 1457 1176 Da
1502 1135 1543 1176 bi
1589 1146 1638 1176 se
1685 1134 1742 1175 bil
1785 1132 1930 1175 receni
1971 1130 2102 1185 mejni

250 1201 352 1256 qrof
383 1203 545 1244 iznebil
579 1203 765 1258 svojeqa
800 1205 936 1259 qreha
970 1208 1035 1247 ter
1069 1206 1124 1247 bil
1158 1209 1294 1259 zopet
1335 1206 1500 1260 spreJet
1547 1219 1571 1248 v
1612 1206 1789 1256 cerkev,
1832 1205 1871 1257 ie
1916 1202 2101 1245 daroval

249 1274 365 1316 neko
399 1277 616 1326 posestvo
650 1287 715 1317 sv.
738 1276 930 1329 Rupertu
965 1274 1274 1332 (Solnoqraski
1308 1274 1487 1330 cerkvi),
1532 1278 1695 1319 cerkev
1739 1288 1804 1318 sv.
1835 1274 2027 1317 Martina
2072 1286 2102 1315 v

250 1342 553 1400 Strassqanqu
599 1358 626 1386 z
671 1346 879 1389 doticnim
926 1350 1188 1402 posestvom
1233 1349 1341 1390 vred
1389 1349 1429 1403 ie
1478 1360 1535 1402 pa
1582 1348 1792 1402 prepustil
1835 1345 2100 1389 Fldmontski

249 1416 410 1459 cerkvi.
444 1416 483 1458 V
509 1416 735 1460 Hdmontu
770 1419 806 1460 si
838 1420 878 1472 je
912 1420 1050 1461 izbral
1084 1419 1173 1462 tudi
1209 1421 1336 1474 svoje
1369 1420 1674 1474 pokopalisce.

389 1484 507 1521 Anu.
533 1485 745 1522 Admunt.
775 1488 827 1523 ad
862 1498 898 1524 a.
930 1488 1022 1523 1122
1056 1488 1162 1533 (ΜΟ.
1188 1488 1268 1530 SS.,
1296 1489 1354 1530 IX,
1380 1489 1483 1533 5781:
1524 1488 1836 1533 „Monasterium
1875 1486 2102 1523 monialium

248 1544 375 1579 sancti
403 1544 560 1591 Georgii
587 1546 625 1581 in
652 1545 849 1582 Carinthia
884 1546 1113 1583 chunradus
1147 1548 1470 1593 archiepiscopus
1506 1548 1743 1584 auctoritate
1777 1556 1849 1584 sua
1884 1546 2026 1583 clausit
2061 1549 2100 1582 et

247 1604 377 1639 domni
400 1604 601 1640 Wolvoldi
628 1606 784 1642 abbatis
812 1616 930 1642 curae
958 1617 1005 1643 ac
1032 1608 1210 1653 regimini
1237 1608 1420 1643 traditum
1447 1605 1774 1643 commendavit.“

390 1663 483 1699 lbid.
503 1665 555 1699 ad
580 1674 615 1700 a.
638 1665 729 1700 1137
756 1665 792 1709 (l.
815 1675 847 1701 c.
870 1675 905 1710 p.
924 1666 1005 1709 578,
1031 1666 1135 1710 579);
1171 1667 1342 1711 „Eodem
1376 1676 1481 1702 anno
1514 1667 1681 1702 domnus
1703 1665 1939 1701 Wolvoldus
1978 1673 2100 1700 vene-

248 1723 392 1758 randus
420 1723 546 1759 abbas
573 1723 854 1761 Hdmuntensis
883 1726 1064 1771 migravit
1090 1736 1113 1761 a
1140 1726 1287 1767 seculo,
1315 1727 1379 1771 qui
1400 1726 1520 1762 virilis
1542 1725 1791 1762 constantiae
1809 1734 1856 1760 ac
1877 1724 2100 1760 innocentis

246 1782 352 1817 vitae
379 1782 456 1818 duo
484 1783 598 1819 nobis
626 1785 801 1827 preclara
831 1785 1042 1820 monimina
1071 1785 1236 1830 reliquit.
1272 1784 1416 1821 Clauso
1443 1786 1545 1821 enirn
1581 1785 1823 1820 monasterio
1859 1783 1987 1819 sancti
2022 1781 2100 1818 Ge-

246 1842 343 1886 orqii
371 1841 408 1877 in
436 1842 635 1878 Karinthia
662 1844 765 1878 idem
793 1844 933 1880 beatus
961 1846 1073 1889 pater
1098 1845 1215 1879 velud
1242 1845 1369 1881 bonus
1397 1845 1626 1880 hortulanus
1647 1844 1801 1879 hortum
1822 1842 2098 1887 consignatum

244 1902 383 1937 volens
410 1903 633 1943 emundare,
660 1912 729 1938 eas
751 1904 943 1939 moniales
965 1913 1066 1949 quae
1085 1905 1146 1939 vel
1166 1907 1257 1939 ante
1279 1906 1513 1948 pepererant
1535 1903 1596 1939 vel
1615 1903 1691 1938 iam
1715 1903 1955 1947 pregnantes
1974 1901 2118 1946 erant..

246 1961 389 1996 habitis
415 1970 533 2005 super
559 1962 634 1997 hoc
661 1963 778 1998 certis
806 1963 957 1998 indiciis
985 1973 1062 1999 non
1091 1964 1222 1999 omisit
1248 1963 1457 2008 extirpare.
1493 1963 1604 2000 Unde
1636 1963 1739 1998 latus
1766 1962 1958 2006 integrum
1985 1960 2098 1996 unius

246 2020 354 2056 chori
392 2030 569 2056 sororum
610 2023 845 2063 nostrarum,
884 2023 1038 2058 radices
1078 2023 1259 2067 profecto
1298 2023 1508 2065 bonitatis,
1547 2031 1712 2057 necesse
1754 2021 1825 2056 fuit
1863 2020 1928 2056 illo
1967 2023 2098 2055 trans-

246 2079 434 2123 plantare.
468 2080 544 2116 Pro
571 2081 793 2118 huiusmodi
820 2091 843 2117 a
871 2081 1072 2118 Gunthero
1107 2083 1332 2118 marchione
1360 2082 1408 2117 de
1435 2081 1541 2127 Cylie
1568 2083 1708 2126 captus
1736 2082 1775 2116 et
1801 2081 2024 2116 vinculatus
2058 2081 2098 2114 ct

246 2147 349 2183 equo
385 2139 580 2175 indecenti
622 2142 869 2185 asportatus,
906 2141 1064 2187 indigna
1101 2142 1221 2176 multa
1257 2151 1353 2177 suae
1390 2150 1585 2186 personae
1617 2150 1687 2176 seu
1725 2140 1852 2176 ordini
1885 2147 2098 2184 perpessus

245 2198 348 2233 adeo
375 2198 563 2244 fatigatus
590 2202 651 2235 est
677 2201 718 2235 ut
744 2200 878 2235 vitalia
915 2201 999 2236 eius
1037 2202 1319 2245 rumperentur.
1353 2200 1430 2236 Pro
1465 2201 1574 2236 cuius
1611 2200 1772 2236 sceleris
1808 2199 2098 2244 compositione

245 2259 286 2292 et
311 2258 572 2294 anathematis
599 2259 851 2295 absolutione
878 2259 981 2294 idem
1009 2260 1182 2295 marchio
1217 2260 1351 2304 predia
1385 2260 1554 2304 quedam
1589 2261 1730 2295 sancto
1766 2258 1964 2294 Rudberto
1998 2266 2097 2293 con-

244 2317 343 2357 tulit,
369 2318 576 2361 ecclesiam
603 2327 698 2353 vero
725 2318 852 2354 sancti
878 2318 1041 2354 Martini
1069 2319 1120 2354 ad
1141 2320 1320 2364 superius
1339 2318 1584 2364 Strazganch
1605 2328 1692 2354 cum
1710 2318 1941 2353 subiacente
1959 2317 2096 2362 predio

246 2376 297 2411 ob
325 2377 490 2422 qratiam
519 2377 651 2412 domni
673 2377 874 2413 Wolvoldi
908 2378 1022 2413 nobis
1059 2379 1273 2424 delegavit,
1309 2389 1357 2414 ac
1392 2378 1618 2423 sepultarae
1644 2378 1773 2413 locum
1808 2377 1846 2412 in
1880 2385 1959 2421 quo
1994 2385 2096 2411 nunc

246 2435 412 2479 quiescit
438 2436 544 2480 apud
570 2445 643 2472 nos
669 2435 823 2482 elegitf⁴
1975 2478 1979 2482 ⁵

390 2493 494 2530 Vita
530 2493 785 2531 Gebehardi
820 2495 1015 2542 archiep.
1038 2496 1085 2532 et
1110 2505 1244 2540 succ„
1272 2506 1303 2531 c.
1326 2496 1370 2531 15
1396 2495 1499 2540 (MG.
1519 2494 1600 2537 SS..
1633 2495 1692 2536 XI,
1716 2495 1794 2539 43):
1832 2494 2096 2539 „coenobium

246 2564 403 2599 quoque
428 2555 784 2591 sanctimonialium
811 2556 918 2600 apud
944 2550 1131 2591 Sanctum
1159 2555 1342 2592 Georium
1374 2556 1458 2591 eius
1485 2554 1554 2598 (sc.
1572 2554 1788 2598 Wolvoldi)
1814 2563 1932 2590 curae
1957 2563 2005 2589 ac
2031 2563 2095 2589 re-

245 2614 377 2659 gimini
412 2614 703 2650 commendavit
737 2614 805 2658 (se.
832 2614 1167 2660 archiepiscopus)
1201 2625 1307 2651 anno
1342 2614 1623 2651 incarnationis
1659 2612 1813 2650 Domini
1850 2613 1952 2655 1122,
1989 2613 2095 2658 quod

244 2675 284 2709 et
309 2674 394 2718 ipse
420 2674 471 2709 ad
497 2675 682 2719 spiritalis
709 2674 862 2719 apicem
890 2675 1090 2720 religionis
1118 2675 1304 2710 decenter
1330 2672 1595 2710 reformavit.“

385 2732 515 2769 fluct.
538 2731 682 2770 Garst.
701 2734 752 2768 ad
778 2743 813 2769 a.
837 2733 927 2769 1122
960 2733 1066 2778 (ΜΟ.
1085 2733 1173 2770 SS..
1210 2733 1267 2775 IX,
1294 2733 1396 2778 569):
1429 2733 1739 2778 „monasterium
1773 2733 1899 2768 sancti
1935 2730 2093 2777 Georgii

244 2792 436 2828 clauditur
460 2793 511 2827 ab
538 2792 744 2828 Hdmunt.“

388 2993 569 3050 (1123.)
1061 2949 1149 3001 st.
1187 2948 1274 3000 71.

388 3089 579 3132 Koroski
614 3090 811 3144 vojvoda
844 3090 1010 3133 Henrik
1043 3087 1168 3143 (1V.)1
1203 3090 1351 3145 podeli
1385 3092 1643 3131 samostanu
1667 3101 1695 3130 v
1716 3079 1943 3131 St.Pav1u
1965 3088 2092 3141 svoje

245 3163 462 3214 posestvo
495 3173 524 3202 v
556 3160 898 3204 Illlohlicah2
931 3162 990 3204 ob
1024 3161 1158 3203 Dravi
1191 3173 1220 3203 v
1250 3160 1460 3215 Junskem
1493 3160 1647 3214 okraju
1681 3159 1963 3213 pri·vzn02ju
1984 3170 2092 3214 qore

398 3288 408 3304 ¹
429 3286 548 3315 Henrik
569 3286 620 3315 IV.
634 3287 664 3322 je
686 3294 728 3322 po
744 3287 835 3315 smrti
856 3286 996 3316 Henrika
1018 3287 1063 3315 111.
1084 3287 1116 3322 (†
1130 3288 1155 3315 ll.
1169 3287 1238 3315 dec.
1254 3286 1332 3322 1122)
1355 3287 1462 3322 postal
1482 3286 1627 3322 vojvoda
1648 3285 1782 3315 koroski
1802 3285 1851 3314 ter
1871 3284 1950 3313 umrl
1971 3286 2010 3313 ze
2030 3284 2092 3314 dne

245 3335 286 3362 114.
301 3333 474 3363 decembra
494 3334 558 3362 leta
580 3334 656 3363 1123.
686 3334 814 3370 Njegov
836 3337 896 3363 oce
922 3335 952 3370 je
979 3334 1021 3362 bil
1048 3334 1122 3370 qrof
1144 3334 1320 3370 Engelbert
1346 3334 1375 3362 iz
1396 3334 1555 3362 rodovine
1576 3333 1808 3369 Spanheimov,
1828 3331 1858 3360 ki
1878 3331 1908 3367 je
1929 3331 2090 3360 ustanovil

245 3376 474 3416 Sentpavelski
495 3382 671 3410 samostan.
1172 3398 1175 3401 -

398 3430 409 3447 ²
429 3428 584 3461 Mohlice‚
604 3435 664 3457 vas
686 3429 782 3464 pole9
804 3429 911 3457 Drave
932 3436 971 3457 na
993 3428 1177 3458 Koroskem
1197 3428 1350 3457 zahodno
1371 3428 1414 3457 od
1433 3427 1554 3457 Dobrle
1573 3428 1654 3456 vasi.
