2306 3724
273 269 347 306 410
1069 262 1125 304 St.
1150 269 1232 310 818.
1258 268 1339 305 819.

277 413 395 457 hotel
422 426 481 468 po
508 414 647 467 morin
676 413 802 456 vrniti
823 426 852 456 ν
881 413 1010 466 svojo
1040 412 1295 464 domovino‚
1317 413 1357 466 ie
1386 413 1510 455 vihar
1536 413 1736 468 pokvaril
1764 413 1957 468 nieqovo
1986 413 2115 468 ladio,

275 485 319 539 io
351 484 533 527 zanesel
563 485 676 539 proti
704 483 796 527 Istri
830 485 888 526 do
915 485 1088 539 nekeqa
1115 485 1250 538 kraja,
1279 484 1320 526 ki
1346 485 1386 539 je
1414 485 1515 528 med
1548 484 1747 540 Oqlejem
1780 487 1823 527 in
1845 484 2117 537 Benetkami,
2160 486 2162 488 ’

275 559 341 599 ter
371 556 414 610 jo
442 559 487 598 tu
517 556 666 599 razbil.
695 555 810 610 Kralj
839 568 888 598 se
914 556 954 610 je
983 555 1084 598 resil
1115 567 1142 597 z
1170 556 1426 598 nekaterimi
1453 555 1597 610 svojih
1625 557 1740 610 ljudi.
1773 555 1842 599 Ko
1874 568 1926 599 so
1953 555 2118 611 qoriski

276 627 380 683 gros
410 626 648 682 Majnhard
681 628 723 669 in
756 626 938 670 ondotni
981 627 1220 681 prebivalci
1261 627 1411 678 slisali,
1446 627 1502 668 da
1535 627 1574 681 je
1608 627 1713 680 kralj
1748 626 1910 669 Rihard
1942 638 1998 669 na
2030 626 2118 680 njih

276 699 435 752 zemlji,
469 701 534 741 ter
565 710 615 740 se
648 698 853 751 spomnili
894 699 1145 753 njeqoveqa
1187 699 1404 752 izdajstva
1448 711 1477 741 ν
1511 697 1633 742 Sveti
1675 699 1832 747 deieli,
1865 710 1918 741 so
1950 709 2006 753 qa
2038 710 2118 742 za·-

276 769 507 821 sledovali‚
528 770 585 812 da
612 770 655 812 bi
684 781 740 824 ga
774 770 885 823 uieii.
908 768 1024 824 Kraij
1053 770 1094 825 je
1120 770 1233 812 sicer
1265 770 1485 820 ube2a1,a
1517 770 1644 824 zajeli
1673 781 1725 812 so
1754 781 1880 812 osem
1911 769 2119 825 njeqovih

277 842 517 884 tovarisev.
562 839 680 884 Nato
711 841 752 894 je
794 841 926 895 prisel
969 841 1075 895 kralj
1109 853 1138 884 ν
1171 840 1326 892 Βῑρὶρ,
1360 842 1510 884 katere
1552 853 1601 883 se
1643 841 1848 896 nahajajo
1893 853 1922 883 ν
1954 839 2118 884 Solno-

277 913 427 967 qraski
469 912 715 967 nadskofiji.
757 912 824 955 Tu
865 913 906 967 je
948 911 1142 955 Friderik
1183 913 1224 954 iz
1257 911 1383 967 Dtuja
1426 912 1595 968 ugrabil
1628 915 1721 955 sest
1761 913 1972 969 nieqovih
2004 912 2119 967 ljudi.

278 982 311 1026 S
343 985 468 1027 tremi
500 984 821 1038 spremljevalci
854 996 903 1027 se
937 985 975 1037 je
1018 985 1124 1039 kralj
1167 985 1331 1039 napotil
1374 985 1485 1038 proti
1518 982 1713 1038 Hvstriji,
1745 984 1837 1038 kier
1874 996 1932 1040 qa
1962 984 2002 1036 je
2036 984 2120 1039 ujel

277 1055 499 1110 avstrijski
531 1055 728 1109 vojvoda
762 1054 964 1110 Leopold
997 1069 1025 1098 ν
1057 1056 1158 1098 neki
1191 1057 1288 1099 vasi
1322 1055 1439 1099 blizu
1471 1055 1655 1110 Dunaja.
1686 1053 1711 1110 [
1709 1087 1822 1108 .....
1843 1067 1920 1100 rex
1952 1054 2121 1111 Angue,

277 1139 374 1171 cum
421 1129 536 1170 esset
575 1127 617 1170 in
660 1127 926 1171 transeundo
964 1139 1086 1170 mare
1126 1127 1188 1171 ad
1222 1131 1377 1183 partes
1417 1139 1526 1171 suas
1568 1139 1830 1180 reversurus,
1874 1126 2044 1178 accidit,
2075 1129 2124 1170 ut

277 1200 440 1250 ventus,
472 1201 601 1254 rupta
632 1199 736 1242 navi
756 1211 839 1242 sua
859 1199 902 1242 ln
934 1211 1022 1254 qua
1042 1200 1137 1255 ipse
1169 1202 1273 1251 erat,
1294 1199 1469 1243 duceret
1491 1211 1587 1242 eam
1619 1211 1770 1243 versus
1783 1201 1937 1254 partes
1956 1198 2122 1242 Histrie

277 1269 341 1312 ad
364 1268 517 1322 locum,
549 1271 626 1324 qui
656 1273 722 1314 est
751 1271 864 1314 inter
894 1269 1139 1326 Aquileiam
1173 1274 1216 1314 et
1241 1271 1458 1323 Venecias‚
1478 1269 1554 1314 ubi
1583 1271 1677 1326 ipse
1708 1283 1785 1314 rex
1817 1270 1907 1314 Dei
1930 1272 2119 1326 permis-

276 1341 400 1384 sione
427 1353 595 1396 passus
626 1342 908 1398 naufragium
942 1354 1037 1386 cum
1051 1343 1211 1398 paucis
1244 1343 1393 1386 evasit.
1416 1342 1606 1396 Quidam
1629 1343 1778 1397 itaque
1799 1342 1950 1398 fidelis
1975 1345 2124 1386 noster

280 1423 425 1455 comes
464 1413 727 1457 Mainardus
769 1414 822 1457 de
856 1412 1018 1458 Gortze
1051 1417 1094 1458 et
1117 1414 1310 1469 populus
1340 1415 1535 1470 regionis
1566 1413 1681 1457 illius
1721 1413 1884 1461 audito,
1929 1413 2048 1468 quod
2078 1413 2121 1456 in

278 1485 395 1526 terra
443 1487 549 1536 erat,
582 1488 625 1528 et
664 1485 939 1529 considerato
982 1485 1252 1542 diligencius,
1293 1485 1464 1541 qualem
1507 1486 1758 1529 nominatus
1800 1497 1877 1529 rex
1921 1485 1964 1528 in
2006 1487 2121 1528 terra

273 1556 581 1609 promissionis
623 1557 923 1612 prodicionem
971 1560 1013 1601 et
1058 1557 1341 1601 tradicionem
1389 1560 1432 1601 et
1471 1556 1738 1612 perdicionis
1783 1568 1861 1599 sue
1908 1555 2121 1599 cumulum

279 1631 542 1679 exercuerat,
575 1629 760 1672 insecuti
794 1631 896 1672 sunt
926 1628 1197 1672 intendentes
1229 1640 1323 1672 eum
1357 1630 1589 1684 captivare.
1621 1628 1722 1683 Ipso
1767 1630 1911 1671 autem
1944 1638 2048 1682 rege
2079 1626 2122 1669 in

269 1699 433 1754 fugam
467 1711 687 1752 converso,
714 1703 920 1755 ceperunt
949 1700 1003 1743 de
1033 1701 1126 1743 suis
1157 1704 1254 1744 octo
1286 1700 1454 1744 milites.
1487 1699 1772 1743 Postmodum
1790 1699 2019 1754 *processit
2047 1708 2122 1740 rex

279 1770 341 1813 ad
370 1770 556 1826 burgum
589 1772 632 1815 in
665 1771 1037 1827 archiepiscopatu
1083 1771 1427 1826 Salzebureensi
1456 1772 1533 1827 qui
1572 1774 1754 1816 vocatur
1782 1771 2016 1823 Frtsorum,
2049 1767 2125 1812 ubi

278 1841 526 1886 Fridericus
557 1843 611 1886 de
640 1842 874 1895 Betesowe,
906 1855 1010 1899 rege
1042 1854 1136 1886 cum
1169 1843 1306 1886 tribus
1338 1845 1503 1887 tantum
1536 1854 1686 1886 versus
1712 1842 1932 1886 Austriam
1954 1855 2118 1900 prope-

278 1916 403 1957 rante
433 1916 575 1965 noctu,
596 1926 676 1958 sex
700 1915 858 1959 milites
879 1915 933 1958 de
950 1915 1044 1958 suis
1066 1916 1187 1970 cepit.
1208 1914 1407 1958 Dilectus
1426 1917 1570 1958 autem
1592 1914 1944 1970 consanguineus
1973 1918 2123 1959 noster

278 1984 519 2040 Liupoldus
565 1985 655 2029 dux
702 1985 876 2030 Austrie
922 1986 1156 2029 observata
1196 1989 1350 2038 strata,
1392 1986 1606 2041 impositis
1652 1985 1811 2041 ubique
1857 1985 2120 2038 custodibus,

279 2056 545 2111 sepedictum
586 2068 733 2112 regem
775 2058 896 2101 iuxta
934 2058 1157 2102 Wiennam
1201 2058 1244 2100 in
1288 2057 1391 2100 villa
1434 2058 1631 2101 viciniori
1660 2058 1703 2101 in
1745 2057 1872 2101 domo
1915 2056 2120 2112 despecta

278 2128 546 2182 captivavit.
569 2163 578 2172 .
598 2163 607 2172 .
630 2127 673 2182 “J

420 2211 613 2263 „Datum
645 2211 768 2267 apud
794 2211 1072 2264 Ritltiencie1‚
1101 2213 1142 2256 5.
1173 2212 1256 2256 kal.
1288 2212 1518 2256 Ianuarii.“

423 2304 578 2351 [Rogeri
605 2306 653 2341 de
679 2305 867 2342 Hoveden
895 2305 1084 2342 Chronica
1111 2305 1215 2350 (ΜΟ.
1241 2305 1320 2350 SS.,
1347 2305 1490 2350 XXVII,
1519 2304 1623 2350 159).]

1057 2549 1149 2620 st.
1195 2566 1331 2619 8192

423 2639 595 2690 (1192.)

423 2745 607 2789 Davcna
651 2746 812 2801 knjiqa,
854 2747 895 2788 iz
940 2746 1089 2789 katere
1133 2746 1173 2800 je
1218 2746 1446 2798 razvidno,
1490 2746 1639 2788 koliko
1683 2758 1736 2788 so
1779 2756 1912 2788 razne
1956 2745 2118 2788 cerkve

280 2817 510 2872 placevale
545 2816 710 2859 Rimski
742 2817 895 2860 stolici.

280 2943 316 2979 p.
345 2934 375 2970 1.
568 2934 726 2979 „Incipit
756 2935 853 2970 liber
878 2943 1064 2970 censuum
1090 2933 1263 2970 Romane
1288 2934 1453 2970 ecclesie
1469 2942 1502 2969 -a
1530 2932 1689 2969 Centio2
1713 2932 1928 2969 camerario
1954 2940 2118 2977 compo-

445 2994 543 3029 situs
582 2994 794 3030 secundum
827 2993 1074 3038 antiquorum
1113 2995 1264 3038 patrum
1302 2995 1458 3040 regesta
1492 2995 1531 3028 et
1567 2992 1790 3028 memoralia
1825 2991 1979 3027 diversa
2014 2999 2119 3026 anno

447 3053 726 3088 incarnationis
757 3053 951 3089 dominice
983 3052 1177 3097 MCXCII„
1203 3052 1454 3097 pontificatus
1490 3051 1671 3088 Celestini
1706 3060 1808 3096 pape
1840 3051 1884 3087 111
1916 3059 2020 3087 anno
2055 3050 2119 3086 11.“

281 3144 317 3180 p.
346 3135 423 3171 123.
568 3135 607 3171 In
635 3136 892 3181 patriarchatu
918 3135 1167 3181 Hquileiensi.

423 3288 432 3306 ¹
452 3287 666 3320 „Rithiencie“
685 3287 715 3323 je
737 3287 942 3317 Reinhausen
962 3288 1060 3324 poleq
1074 3288 1151 3316 reke
1166 3288 1297 3324 Regena
1311 3295 1351 3316 na
1367 3287 1577 3316 Bavarskem.
1601 3287 1662 3316 Cfr.
1677 3286 1818 3319 Toeche,
1839 3285 1875 3314 K.
1889 3283 2042 3315 Heinrich
2058 3285 2120 3319 Vl..

281 3336 337 3364 str.
357 3335 420 3364 563.

423 3395 434 3412 ²
453 3394 499 3422 Tu
520 3394 681 3430 omenienl
701 3394 832 3423 Centius
852 3395 882 3431 je
901 3394 943 3423 bil
964 3395 1028 3423 leta
1050 3394 1126 3424 1192.
1146 3394 1315 3424 komornik
1336 3394 1465 3424 Rimske
1480 3395 1608 3424 cerkve.
1630 3394 1679 3424 Ko
1700 3402 1738 3424 so
1759 3401 1800 3430 98
1821 3394 1884 3423 leta
1903 3393 1979 3422 1216.
1999 3391 2120 3422 izvolili

282 3449 322 3470 za
343 3444 477 3477 papeia,
498 3449 534 3471 se
554 3442 584 3477 je
604 3442 677 3470 zval
699 3442 831 3478 Honorij
852 3442 899 3471 111.
919 3443 967 3471 ter
986 3443 1016 3478 je
1036 3442 1143 3471 vladal
1164 3442 1206 3471 do
1227 3443 1290 3471 ieta
1312 3443 1389 3471 1227.
