2306 3724
996 262 1053 305 St.
1072 269 1153 310 397,
1179 269 1262 305 398.
1977 269 2042 305 201

335 410 445 449 Otto
471 411 665 449 morena
690 411 758 448 De
784 410 924 448 rebus
949 410 1266 448 Laudensibus
1293 410 1398 455 (ΜΟ.
1417 410 1502 454 SS.‚
1535 411 1659 454 XVIII,
1686 411 1786 456 620):
1814 412 2048 455 „Mandavit

190 470 308 507 etiam
335 472 420 517 ipse
446 471 613 507 domnus
639 471 853 515 imperator
877 470 1197 516 archiepiscopis,
1223 471 1422 516 episcopis
1449 473 1488 506 et
1511 471 1721 507 abbatibus
1741 471 1790 507 de
1809 471 2040 511 Hllamania,

190 530 238 566 de
264 530 499 576 Burgundia,
534 530 581 566 de
608 530 854 572 Lombardia,
889 530 938 565 de
963 529 1117 572 Tuscia,
1157 531 1205 566 de
1231 530 1384 575 Apuna,
1412 532 1460 566 de
1487 531 1676 567 Romania
1702 533 1742 567 et
1768 531 1817 567 de
1843 532 1929 567 aliis
1957 540 2046 575 par-

189 591 292 626 tibus
328 590 488 635 imperii,
523 590 719 635 patriarce
756 589 873 625 etiam
907 589 1188 635 I-Iquileqiensi,
1228 592 1270 626 ut
1297 590 1334 625 in
1362 591 1539 635 predicto
1566 591 1697 635 capite
1723 590 1877 627 ieiunii¹
1912 593 2046 626 essent

188 649 320 694 papie,
340 650 506 685 audituri
527 650 700 685 rationes
722 649 922 694 utriusque
943 649 1208 693 predictorum
1226 650 1450 691 electorum,
1473 652 1514 685 ut
1534 650 1629 694 ipsis
1650 650 1806 691 auditis,
1826 650 1890 694 qui
1905 650 2043 686 Iustius

189 719 236 746 ac
263 709 560 746 rationabilibus
589 709 751 745 deberet
776 718 866 745 esse
892 709 1148 754 apostolicus,
1175 709 1429 744 iudicarent.·¹

996 861 1087 936 st.
1108 875 1261 930 598.
1313 891 1316 894 ⁴

331 982 483 1035 1160,
517 983 623 1029 dne
656 985 729 1027 11.
758 982 813 1028 in
845 982 925 1027 12.
947 982 1236 1036 februaria.
1271 983 1425 1027 pavia.

331 1067 470 1111 Cesar
503 1068 697 1111 Friderik
728 1069 770 1123 je
802 1068 955 1111 skiical
988 1069 1101 1111 zbor
1134 1081 1162 1111 v
1195 1068 1366 1123 Davijo,
1411 1068 1567 1110 kamor
1599 1068 1668 1122 naj
1705 1068 1746 1109 bi
1779 1067 1914 1121 prisia
1956 1068 2044 1110 oba

189 1139 411 1193 izvoljena
444 1142 632 1193 papeia,
679 1140 736 1182 da
771 1141 813 1182 bi
846 1153 896 1183 se
929 1141 1136 1192 dolocilo,
1183 1142 1322 1184 kateri
1355 1141 1502 1184 izmed
1535 1141 1606 1194 nJu
1640 1141 1680 1194 ie
1714 1140 1852 1194 pravi.
1906 1138 2046 1181 Okta-

188 1211 321 1263 vijan,
354 1211 396 1252 ki
429 1223 479 1253 se
511 1211 552 1264 je
584 1211 710 1254 zacel
736 1212 856 1254 zvati
884 1211 1052 1263 Viktor,
1085 1212 1127 1266 Je
1160 1213 1292 1266 prise!
1315 1225 1337 1254 s
1364 1213 1541 1267 svojimi
1564 1212 1824 1266 privrienci,
1859 1209 2046 1261 Roland,

188 1281 231 1323 ki
269 1293 319 1324 se
356 1281 398 1335 je
437 1282 659 1325 imenoval
705 1282 999 1334 Hleksander,
1043 1295 1101 1338 pa
1133 1296 1202 1335 ne,
1251 1287 1416 1338 ceprav
1454 1285 1494 1339 ie
1535 1284 1591 1325 bil
1632 1283 1814 1325 veCkrat
1853 1293 2045 1335 pozvan.

187 1350 305 1394 Nato
338 1364 392 1395 so
426 1353 533 1406 pred
566 1353 796 1408 cesariem,
843 1354 1077 1410 oqujskim
1110 1355 1394 1408 patriarhom,
1440 1355 1736 1398 cremonskim
1770 1353 1950 1396 skofom
1983 1357 2048 1395 ter

188 1423 375 1478 druqimi
414 1423 533 1466 skofi
571 1425 614 1466 in
653 1425 922 1468 cerkvenimi
961 1427 1116 1480 prelati
1157 1428 1448 1481 pretresovali
1490 1427 1703 1470 izvolitev
1744 1426 1862 1468 obeh
1909 1425 2045 1477 proti-

187 1496 406 1548 papeiev.
464 1493 529 1538 Do
562 1499 750 1538 nasvetu
784 1495 1045 1552 oqlejskeqa
1079 1499 1315 1551 patriarha,
1349 1499 1576 1541 katerernu
1609 1498 1649 1551 ie
1683 1497 1880 1551 pritrdilo
1914 1496 2048 1538 devet

187 1565 458 1617 nadskofov,
493 1578 619 1609 osem
653 1568 694 1609 in
726 1568 910 1611 trideset
941 1568 1108 1611 skofov
1139 1572 1205 1612 ter
1237 1582 1403 1624 mnoqo
1431 1573 1613 1624 opatov,
1648 1570 1690 1612 ki
1723 1581 1775 1611 so
1809 1580 1858 1610 se
1892 1567 2046 1609 udeIe-

187 1636 259 1677 Zili
290 1636 583 1692 zborovanja,
616 1651 669 1681 so
703 1639 789 1682 dne
826 1640 891 1682 11.
914 1639 1138 1694 februaria
1171 1640 1361 1684 odobrili
1394 1630 1606 1684 izvoiitev
1640 1643 1814 1695 papeia
1848 1638 2048 1691 Viktorja

187 1711 252 1750 ter
282 1708 454 1763 zavrgli
482 1708 1000 1755 Roiandovoizvolitev.
1035 1711 1102 1754 Ko
1132 1724 1181 1754 se
1207 1713 1248 1766 ie
1275 1715 1320 1755 to
1347 1713 1543 1768 zqodilo,
1577 1725 1630 1755 so
1658 1711 1866 1765 patriarh,
1901 1709 2047 1763 skofje

189 1779 230 1821 in
265 1779 447 1834 prelatJ’e
480 1781 721 1835 pokleknili
755 1783 864 1836 pred
899 1782 1227 1837 OktaviJanorn,
1271 1784 1328 1826 da
1362 1785 1405 1826 bi
1438 1784 1575 1826 dobili
1608 1784 1667 1826 od
1701 1783 1831 1837 njeqa
1867 1781 2048 1824 odvezo

186 1854 251 1892 ter
284 1862 356 1893 mu
389 1852 584 1906 obljubili
620 1854 904 1907 pokorscino.
938 1854 1027 1898 Isto
1049 1856 1090 1908 je
1110 1855 1232 1898 storil
1259 1856 1351 1898 tudi
1379 1868 1506 1899 cesar
1527 1855 1733 1897 Friderik.
1767 1853 1863 1896 Dne
1892 1852 1956 1895 12.
1979 1851 2048 1894 fe-

189 1922 362 1976 bruarja
401 1935 453 1966 so
487 1923 686 1978 Viktorja
720 1938 749 1968 v
781 1930 1040 1969 samostanu
1082 1939 1147 1969 sv.
1172 1926 1270 1969 Sira
1311 1927 1525 1970 slovesno
1564 1925 1859 1969 intronizirali.
1910 1923 2049 1966 Cesar

188 1994 229 2035 in
263 1995 451 2049 oglejski
485 1996 676 2046 patriarh
710 2000 778 2039 sta
811 2009 868 2052 qa
900 2009 955 2039 za
990 1998 1098 2040 roke
1132 1998 1360 2053 pripeljala
1393 1998 1503 2052 pred
1537 1998 1661 2040 oltar.

329 2074 573 2112 Bul-(hardi
588 2078 636 2113 et
650 2075 878 2114 enom-adi
895 2077 1278 2124 urspergensium
1299 2077 1557 2116 chronicon
1577 2077 1683 2123 (ΜΟ.
1697 2077 1777 2121 SS.‚
1796 2076 1919 2119 XXIII,
1938 2075 2047 2119 352):

191 2134 388 2176 „Tandem
416 2136 464 2171 de
491 2137 658 2172 consilio
686 2138 878 2173 bonorum
912 2142 1083 2173 virorum
1118 2140 1306 2183 utrosque
1332 2139 1482 2174 electos
1509 2138 1560 2173 ad
1586 2148 1629 2174 se
1658 2139 1789 2173 venire
1815 2137 1952 2172 statuit
1978 2135 2046 2179 (sc,

189 2194 415 2239 imperator)
441 2196 547 2240 apud
572 2196 749 2241 Papiam,
781 2206 860 2232 non
888 2199 929 2232 ut
955 2207 1026 2233 eos
1053 2197 1245 2233 iudicaret
1271 2200 1338 2233 aut
1364 2207 1524 2234 causam
1552 2198 1658 2234 sedis
1684 2197 1942 2241 apostolicae,
1978 2195 2050 2231 sed

190 2256 232 2288 ut
258 2264 280 2289 a
309 2255 564 2296 prudentibus
590 2257 683 2292 viris
709 2256 943 2300 add=sceret,
980 2258 1041 2292 cui
1076 2257 1205 2292 electo
1241 2258 1372 2301 potius
1408 2257 1571 2293 obedIre
1597 2257 1771 2292 deberet.
1811 2255 1897 2300 Quo
1924 2254 2047 2290 Octa-

189 2314 342 2355 vianus,
369 2315 434 2359 qui
460 2317 500 2350 et
527 2315 674 2357 Victor,
700 2325 788 2351 cum
814 2317 895 2351 suis
922 2316 1141 2352 fautoribus
1168 2317 1411 2360 adventavit,
1437 2317 1636 2353 Rolandus
1663 2326 1769 2358 vero,
1797 2316 1860 2361 qui
1888 2317 1927 2350 et
1955 2314 2048 2349 Hle-

189 2373 350 2415 xander,
384 2374 611 2419 frequenter
646 2376 884 2411 ammonitus
919 2377 1111 2411 accedere
1145 2377 1395 2421 contempsit.
1434 2377 1541 2412 Tunc
1576 2386 1709 2412 coram
1746 2376 1982 2420 imperatore
2010 2376 2048 2409 et

190 2433 406 2477 patriarcha
448 2433 702 2481 Hquilegensi
737 2437 777 2470 et
811 2435 1003 2480 episcopo
1038 2435 1290 2471 Cremonensi
1317 2438 1357 2471 et
1383 2436 1469 2472 aliis
1497 2445 1613 2480 quam
1646 2435 1819 2480 pluribus
1846 2435 2045 2478 episcopis

191 2495 230 2527 et
266 2493 521 2529 ecclesiarum
555 2495 716 2538 prelatis
752 2504 872 2530 causa
909 2493 1118 2530 Octaviani
1152 2495 1330 2531 discussa
1358 2497 1429 2538 est,
1470 2497 1509 2530 et
1543 2495 1728 2530 adhibitis
1764 2494 1943 2536 testibus,
1983 2497 2048 2537 qui

191 2554 394 2597 presentes
415 2553 581 2597 fuerunt,
604 2556 814 2598 probatum
833 2557 905 2592 est.
925 2555 1043 2600 quod,
1064 2554 1166 2590 sicut
1185 2564 1302 2598 supra
1325 2555 1561 2599 descriptum
1582 2557 1654 2596 est,
1674 2555 1779 2589 facta
1798 2557 1859 2589 est
1879 2554 2043 2597 utraque

192 2612 345 2648 electio.
380 2612 438 2648 De
463 2613 544 2649 iure
572 2623 728 2659 quoque
755 2615 853 2651 satis
879 2615 1076 2650 adiectum
1103 2616 1175 2656 est,
1204 2616 1245 2649 ut
1272 2615 1484 2660 reprobata
1511 2614 1706 2650 electione
1733 2613 1896 2648 Rolandi
1924 2611 2046 2648 Octa-

191 2671 330 2707 vianus
356 2681 472 2708 verus
498 2674 628 2718 presul
656 2674 855 2710 Romanae
882 2675 1075 2710 ecclesiae
1101 2673 1350 2709 iudicaretur.
1376 2673 1484 2709 Tunc
1510 2674 1726 2717 patriarcha
1754 2672 2041 2717 Hquileqensis.

191 2730 254 2765 alii
283 2740 440 2775 quoque
466 2732 643 2776 episcopi
670 2735 709 2768 et
733 2734 987 2770 ecclesiarum
1015 2734 1154 2778 prelati
1179 2734 1231 2769 ad
1257 2733 1380 2778 pedes
1407 2734 1489 2768 eius
1516 2742 1560 2768 se
1587 2733 1893 2775 prostraverunt,
1922 2731 2047 2774 impe-

192 2791 300 2825 rator
325 2799 482 2835 quoque
508 2791 547 2826 id
572 2792 698 2835 ipsum
726 2792 830 2836 fecit,
857 2795 898 2828 ut
924 2794 976 2828 ab
1003 2802 1052 2829 eo
1079 2794 1360 2839 indulgentiam
1381 2792 1609 2836 acciperent
1629 2794 1668 2827 et
1687 2792 1760 2827 sibi
1780 2790 2046 2826 obedientiam

193 2849 406 2885 facerent.¹‘

338 2909 454 2945 Han.
474 2909 946 2957 Reichersperqenses
972 2913 1025 2947 ad
1050 2923 1085 2948 a.
1106 2911 1199 2947 1160
1224 2911 1328 2956 (Md.
1349 2911 1429 2954 SS.‚
1456 2911 1566 2954 XVII,
1596 2910 1699 2954 467):
1736 2938 1768 2954 „.
1788 2938 1796 2946 .
1819 2938 1827 2946 .
1848 2911 1886 2946 et
1913 2910 2045 2945 statim

193 2970 373 3013 sequenti
400 2969 472 3012 die,
507 2970 545 3004 id
571 2970 696 3005 estin
722 2970 756 3006 2.
783 2970 871 3006 Idus
907 2971 1028 3015 Febr„
1065 2972 1116 3007 ab
1150 2972 1238 3016 ipso
1272 2973 1496 3015 inperatore
1533 2975 1572 3005 et
1606 2971 1804 3014 episcopis
1840 2970 2050 3013 suspritur

193 3028 262 3071 (sc.
282 3028 418 3064 Victor
443 3028 572 3073 papa),
600 3031 639 3064 et
665 3029 925 3066 intronizatur
951 3032 989 3066 in
1017 3032 1259 3067 monasterio
1285 3031 1413 3067 sancti
1434 3029 1519 3070 SIri,
1546 3031 1769 3074 inperatore
1788 3029 1939 3065 frenum
1959 3028 2048 3072 equi

194 3090 233 3124 et
259 3089 401 3124 stivam
427 3088 549 3124 sellae
576 3089 676 3124 illius
702 3091 874 3132 tenente,
902 3092 941 3125 et
968 3100 1055 3125 eum
1084 3091 1132 3125 de
1159 3100 1261 3134 equo
1288 3089 1539 3133 suscipiente,
1567 3091 1606 3124 et
1632 3090 1683 3124 ad
1709 3090 1834 3124 altare
1861 3098 1936 3124 una
1961 3097 2046 3122 cum

194 3148 411 3192 patriarcha
437 3147 706 3193 aquilegiensi
734 3148 835 3184 inter
860 3158 998 3185 manus
1025 3159 1114 3185 eum
1141 3149 1397 3185 deducente.“

338 3204 447 3242 Otto
473 3205 667 3242 morena
691 3206 759 3243 De
785 3207 924 3244 rebus
949 3207 1263 3245 Laudensibus
1290 3207 1392 3252 (MG.
1415 3207 1494 3251 SS.‚
1514 3207 1637 3250 XVIII,
1665 3207 1766 3251 621):
1802 3207 1906 3250 „Hiis
1934 3208 2050 3252 igitur

195 3268 234 3302 et
267 3266 351 3302 aliis
383 3275 499 3310 quarn
523 3266 696 3310 pluribus
716 3267 934 3303 rationibus
965 3268 1120 3309 auditis,
1149 3277 1246 3312 quas
1280 3269 1439 3313 longum
1473 3269 1579 3303 esset
1609 3276 1803 3309 enarrare,
1831 3266 2048 3301 communi-

195 3328 287 3361 cato
305 3326 471 3361 consilio
498 3325 662 3370 predicti
701 3326 916 3370 patriarche
942 3329 982 3362 et
1010 3336 1149 3362 novem
1187 3327 1567 3372 archiepiscoporum
1588 3329 1626 3362 et
1656 3327 1814 3371 triginta
1843 3327 1936 3361 octo
1963 3324 2047 3369 epi-

340 3432 348 3450 ¹
370 3430 448 3459 Leta
471 3430 548 3459 1160.
562 3438 599 3459 se
619 3431 650 3466 je
671 3431 748 3466 post
767 3431 860 3460 zacel
881 3431 943 3460 dne
965 3431 1006 3460 10.
1021 3431 1196 3467 februaria.
