2306 3724
1010 280 1065 322 St.
1083 287 1124 324 61
1133 315 1141 328 ,
1166 287 1224 323 62.
1996 290 2042 324 55

192 432 389 485 vojvoda
423 445 450 475 v
483 432 637 487 drugic
669 433 795 485 svoje
830 431 1041 485 poslance
1074 435 1139 474 ter
1171 430 1376 482 zahteva,
1420 432 1476 473 da
1512 431 1554 472 bi
1586 431 1683 484 vsaj
1731 432 1925 486 upoqnili
1959 445 2039 474 za-

194 507 336 546 siavo.
370 498 484 546 Skof
515 504 758 558 odqovori:
795 502 935 553 „Tudi
969 506 1014 545 to
1047 515 1097 544 se
1130 514 1184 544 ne
1218 502 1365 556 zqodi.
1406 501 1521 544 Dred
1555 502 1725 555 stojeco
1758 506 1947 546 zastavo
1970 505 2039 558 naj

194 587 244 617 se
279 575 443 628 poniza
475 577 500 615 k
533 574 851 617 nadskofovim
885 573 1102 629 noqaml⁸⁴
1140 572 1208 615 Ko
1241 574 1281 626 je
1315 572 1511 626 vojvoda
1534 585 1563 615 v
1585 573 1724 627 tretjic
1746 573 1889 627 poslal
1913 576 2040 629 svoje

193 646 419 699 poslance,
453 645 492 697 je
525 645 676 687 izrazil
709 645 838 698 Zeno,
874 645 930 687 da
964 645 1007 686 bi
1040 656 1089 686 se
1123 644 1272 698 vojaki
1317 640 1412 697 vsaj
1456 644 1623 685 zerali
1669 644 1860 699 bojneqa
1906 646 2043 687 krika.

194 715 402 758 NadSkof
430 717 472 770 ie
504 716 699 770 obljubil‚
733 717 788 757 da
823 728 895 758 mu
928 716 1042 758 hoce
1075 728 1103 757 v
1135 718 1223 758 tem
1257 715 1380 757 oziru
1415 715 1587 757 ustreci.
1621 714 1737 757 Nato
1769 715 1810 769 ie
1843 715 2040 770 vojvoda

191 787 324 840 prise!
358 786 443 829 bos
475 788 516 828 in
551 799 579 829 v
611 787 754 829 laneni
788 787 1092 840 izpokorniSRi
1126 786 1275 828 obleki
1306 789 1371 827 ter
1404 797 1460 840 qa
1494 787 1689 839 poniZno
1724 786 1873 839 prosil,
1907 787 1965 829 da
1998 789 2040 829 bi

191 870 248 914 ga
281 858 384 900 resil
417 859 661 911 izobcenja.

332 926 437 963 Vita
471 925 695 963 chunradi
727 925 845 963 arch.
876 925 1053 970 salisb..
1088 935 1120 962 c.
1150 925 1194 961 15
1227 925 1331 970 (ΜΟ.
1359 925 1439 968 SS.,
1465 925 1524 966 XI,
1555 925 1609 968 71,
1638 925 1716 969 72):
1750 926 1965 970 „Reversus
1993 928 2042 963 de

191 986 363 1024 Saxonia
385 986 454 1030 (sc.
474 986 756 1030 chuonradus),
783 987 884 1023 sicut
904 995 1021 1030 supra
1042 986 1220 1026 diximus,
1247 985 1502 1021 reconciliato
1521 985 1595 1020 sibi
1617 985 1853 1029 imperatore
1874 995 2040 1030 eumque

190 1046 372 1091 persequi
400 1047 474 1081 iam
503 1046 730 1086 desistente.
766 1055 852 1081 cum
879 1055 923 1081 se
950 1046 1128 1081 crederet
1153 1054 1292 1090 pacem
1320 1045 1549 1084 habiturum,
1580 1044 1751 1079 infinitas
1779 1045 2040 1081 adversitates

191 1106 415 1150 patiebatur
442 1115 465 1140 a
486 1105 584 1140 duce
611 1105 836 1140 Karinthiae
863 1104 1054 1146 Heinrico,
1082 1104 1203 1140 fratre
1229 1103 1477 1148 patriarchae
1504 1103 1685 1140 Udalrici.
1714 1102 1786 1147 Qui
1814 1113 1900 1139 cum
1928 1104 2039 1140 Salz—

191 1166 426 1210 burgensem
459 1164 667 1200 ecclesiam
701 1164 820 1199 variis
854 1163 1172 1200 tribulationibus
1208 1164 1247 1198 et
1281 1162 1475 1207 pressuris
1508 1162 1732 1205 afflixisset,
1772 1163 1902 1198 omnia
1938 1172 2039 1207 quae

190 1225 228 1259 in
254 1223 354 1260 Foro
379 1223 462 1269 Julii
489 1224 721 1268 possidebat
756 1223 956 1267 diripiens.
989 1225 1028 1259 et
1061 1224 1099 1258 in
1132 1232 1227 1258 suos
1261 1232 1354 1258 usus
1390 1221 1645 1262 transferens.
1677 1222 1837 1257 tandem
1870 1223 2038 1258 collecto

190 1283 363 1318 exercitu
398 1284 564 1318 transire
596 1282 769 1327 disponit
804 1281 999 1323 Canalem.
1037 1284 1163 1318 totam
1198 1281 1438 1317 Karinthiam
1477 1281 1664 1316 invadere
1697 1283 1737 1316 et
1770 1291 1866 1316 suae
1903 1282 2038 1317 ditioni

189 1342 398 1387 subiugare
438 1342 679 1378 desiderans.
723 1340 850 1387 {Huius
886 1342 1082 1387 tyrannidi
1116 1342 1328 1387 episcopus
1364 1340 1574 1377 Gurcensis
1610 1340 1827 1385 obsistens,
1862 1342 2038 1386 potentia

188 1401 343 1445 quidem
370 1403 409 1437 et
434 1401 580 1436 viribus
616 1402 733 1447 longe
767 1402 902 1446 impar,
937 1401 1008 1436 sed
1042 1401 1293 1437 animositate
1329 1402 1367 1436 et
1404 1401 1678 1441 strennuitate.
1713 1410 1830 1444 quam
1862 1401 1899 1436 in
1936 1401 2038 1436 bello

187 1461 390 1505 plurimum
425 1461 557 1496 valere
594 1463 837 1506 compertum
872 1463 944 1501 est,
971 1462 1231 1505 prestantior,
1266 1461 1401 1506 legato
1434 1460 1472 1495 in
1498 1460 1721 1495 Bawariam
1769 1461 1938 1500 directo.
1974 1461 2038 1495 ubi

186 1522 278 1556 tunc
298 1520 620 1565 archiepiscopus
646 1521 905 1564 consistebat,
930 1521 1108 1556 hortatur
1127 1529 1227 1561 eum.
1255 1521 1558 1564 quantacunque
1579 1521 1718 1564 posset
1739 1519 1853 1564 copia
1877 1520 2038 1555 militum

186 1580 409 1615 coadunata
445 1580 532 1615 duci
560 1589 778 1619 occurrere,
815 1589 863 1614 ne
897 1579 1047 1615 desidia
1082 1589 1153 1615 sua
1181 1581 1220 1615 et
1246 1579 1346 1614 illius
1382 1579 1596 1623 pertinacia
1630 1581 1716 1614 tota
1743 1579 1780 1614 in
1808 1581 2038 1623 perpetuum

187 1638 388 1675 Karinthia
425 1639 617 1675 ecclesiae
651 1639 813 1683 periret.
852 1638 1084 1683 promittens
1125 1647 1168 1674 se
1203 1639 1440 1683 quingentos
1481 1638 1621 1673 milites
1656 1638 1694 1673 in
1732 1638 1916 1673 auxilium
1955 1638 2038 1674 eius

185 1698 394 1734 adducere.
437 1697 552 1734 Cuius
588 1699 863 1734 exhortatione
898 1698 961 1733 ille
987 1698 1195 1737 animatus,
1228 1707 1315 1733 cum
1352 1697 1454 1732 mille
1489 1697 1673 1732 militibus
1701 1697 1943 1733 Karinthiam
1979 1698 2038 1733 in-

187 1758 370 1803 greditur,
405 1760 445 1792 et
479 1758 518 1793 in
543 1758 634 1793 loco
661 1758 726 1802 qui
753 1756 936 1802 Crapvelt
967 1757 1198 1802 appellatur,
1232 1756 1463 1801 compositis
1497 1756 1637 1791 castris
1665 1756 1773 1792 ducis
1800 1757 2040 1801 prestolatur

184 1817 409 1853 adventum.
450 1816 537 1862 Quo
563 1819 766 1861 comperto
793 1817 882 1857 dux,
917 1816 982 1861 qui
1017 1818 1142 1852 totam
1173 1818 1318 1850 terram
1353 1816 1456 1850 circa
1484 1814 1685 1851 Glanekke
1713 1816 1825 1860 quasi
1859 1815 2038 1851 locustae

186 1876 361 1912 exercitu
386 1885 459 1911 suo
486 1878 709 1920 operuerat,
741 1876 957 1921 angustiari
984 1876 1126 1920 coepit,
1160 1875 1344 1919 quidnam
1372 1875 1618 1919 potissimum
1646 1875 1818 1920 eligeret.
1852 1875 2038 1920 congredi

184 1945 235 1971 an
269 1938 379 1981 terga
419 1936 524 1971 dare.
569 1934 667 1980 Quia
707 1935 870 1970 alterum
910 1935 1046 1971 horum
1085 1936 1246 1979 propter
1284 1934 1732 1969 excommunicationem
1775 1934 2038 1977 metuendum,

185 1995 350 2030 alterum
383 1996 544 2039 propter
575 1993 851 2030 confusionem
885 1994 1202 2039 ignominiosum,
1238 1996 1445 2038 utrumque
1470 2003 1566 2029 vero
1593 1995 1754 2038 propter
1780 1994 1951 2030 hostiurn
1978 1994 2038 2029 vi-

182 2055 386 2090 cinitatem
412 2056 451 2089 et
476 2054 695 2095 audaciam,
723 2063 795 2089 nec
822 2063 901 2089 non
927 2055 967 2088 et
994 2054 1151 2089 dubium
1170 2062 1327 2098 pugnae
1354 2055 1549 2096 eventum,
1577 2053 1840 2097 periculosum
1866 2053 2038 2088 videbat.

186 2113 236 2150 Ut
268 2115 400 2148 tamen
436 2122 574 2157 pacem
608 2114 773 2157 peteret,
807 2113 938 2158 elegit.
977 2111 1103 2156 Quam
1137 2113 1189 2148 ob
1221 2122 1301 2148 rem
1335 2113 1510 2148 nuntium
1553 2112 1693 2157 dirigit,
1729 2121 1875 2157 rogans
1911 2112 2038 2147 archi-

186 2172 417 2216 episcopum
452 2172 502 2207 ab
536 2172 655 2207 armis
695 2171 897 2207 discedere
936 2173 975 2207 et
1009 2172 1047 2207 in
1083 2172 1250 2216 qratiam
1287 2171 1410 2216 ipsius
1446 2181 1490 2206 se
1528 2173 1688 2216 postera
1723 2171 1785 2206 die
1819 2173 2037 2211 venturum,

186 2232 370 2275 quatinus
403 2231 455 2266 ab
491 2230 900 2274 excommunicatione
935 2231 1219 2266 absolveretur.
1265 2230 1356 2266 Ilico
1391 2230 1603 2275 episcopus
1637 2231 1701 2274 qui
1737 2232 1778 2265 ut
1810 2231 1872 2266 leo
1900 2232 2038 2266 contra

186 2291 324 2326 ducem
362 2290 576 2326 fremebat:
614 2288 976 2334 „,‚Nequaquam““,
1010 2290 1145 2334 inquit.
1182 2290 1407 2334 „„inermes.
1441 2290 1513 2325 sed
1547 2289 1586 2325 in
1620 2290 1737 2324 armis
1774 2289 1914 2325 milites
1950 2299 2037 2325 eum

186 2350 332 2386 domini
358 2350 433 2385 mei
459 2350 792 2394 prestolabuntur.
828 2349 1085 2385 ostendentes
1118 2359 1162 2384 se
1188 2351 1351 2394 paratos
1378 2349 1429 2384 ad
1456 2358 1626 2394 pugnam
1654 2358 1726 2393 pro
1752 2349 1904 2385 honore
1931 2349 2035 2384 beati

184 2409 395 2445 Ruodberti
422 2411 461 2445 et
488 2409 633 2444 domini
660 2407 778 2444 sui.“‘⁴
814 2408 938 2444 Mittit
963 2409 1152 2453 secundo,
1188 2410 1230 2444 ut
1255 2408 1409 2453 signum
1436 2408 1711 2452 deponeretur.
1750 2407 1876 2452 „„Nec
1903 2406 2038 2446 hoc““.

183 2469 308 2513 inquit
334 2469 556 2514 episcopus,
585 2468 707 2512 ‚‚‚‚fiet‚
734 2468 804 2503 sed
831 2468 963 2513 potius
989 2469 1062 2503 sub
1089 2469 1203 2513 signo
1230 2469 1365 2503 erecto
1391 2466 1654 2502 humiliabitur
1679 2467 1732 2502 ad
1757 2467 1879 2511 pedes
1906 2467 2038 2502 archi-

187 2526 421 2573 episcopi.““
457 2527 569 2563 Misit
594 2529 634 2562 et
659 2527 788 2568 tertio,
822 2537 968 2572 roqans
1002 2537 1051 2562 ne
1076 2528 1115 2562 in
1142 2537 1230 2562 eum
1257 2527 1398 2562 milites
1426 2526 1638 2561 clamorem
1665 2526 1892 2562 excitarent.
1930 2525 2038 2561 Tunc

186 2588 349 2631 primum
382 2587 706 2632 archiepiscopus
745 2587 922 2631 promisit
960 2595 1004 2622 se
1043 2587 1254 2622 clamorem
1293 2586 1437 2621 nullum
1476 2586 1748 2621 excitaturum.
1789 2584 1899 2620 Venit
1942 2594 2038 2630 erqo

186 2646 377 2682 humiliter
402 2646 479 2682 dux
507 2646 619 2682 nudis
646 2645 820 2691 pedibus,
849 2646 972 2682 laneis
999 2646 1167 2688 indutus,
1195 2648 1236 2681 ut
1263 2645 1536 2681 absolveretur
1561 2644 1806 2689 postulans.··

328 2703 484 2741 Codex
517 2704 667 2741 tradit.
697 2704 922 2748 Rdmunt„
956 2704 1016 2746 lv,
1054 2705 1121 2740 123
1159 2704 1291 2749 (Zahn,
1325 2704 1444 2741 Urkb.
1472 2704 1506 2739 d.
1532 2703 1576 2739 H.
1604 2703 1853 2743 Steiermark,
1898 2702 1922 2743 Ι,
1959 2703 2037 2744 159,

185 2767 232 2800 st.
252 2760 352 2807 123)':
380 2764 487 2808 „Dux
515 2763 715 2800 Karinthie
735 2763 938 2801 Heinricus
959 2765 1007 2800 de
1026 2763 1266 2809 Eppenstein
1294 2763 1466 2798 decimas
1488 2763 1536 2798 de
1557 2762 1702 2807 prediis
1727 2763 1808 2798 suis
1831 2761 2038 2798 Chunrado

185 2824 486 2869 archiepiscopo
518 2823 673 2859 solvere
708 2823 845 2859 nolens
881 2823 945 2859 vix
977 2823 1136 2859 tandem
1172 2832 1240 2867 per
1275 2823 1493 2857 divinorum
1529 2821 1838 2857 subtractionem
1875 2823 2036 2856 coactus

185 2884 342 2919 solvere
369 2881 507 2927 cepit.“

998 2971 1090 3042 st.
1122 2989 1228 3041 62.

329 3093 507 3151 (1121),
541 3095 646 3138 dne
680 3095 759 3139 13.
787 3095 1092 3153 decembra.

329 3178 495 3221 Takrat
526 3179 566 3233 je
600 3179 708 3221 umrl
742 3180 1012 3234 oqlejski
1046 3177 1325 3233 patriarh
1359 3177 1526 3221 Ulrik
1559 3177 1587 3221 ἶ.

326 3247 447 3283 Libri
479 3246 708 3284 annivers.
742 3248 790 3284 et
822 3256 944 3284 nect.
973 3256 1094 3283 mon.
1122 3246 1164 3283 S.
1193 3245 1306 3284 Galli
1339 3247 1391 3282 ad
1425 3247 1475 3282 id.
1501 3247 1594 3282 Dec.
1638 3261 1678 3274 z
1708 3246 1781 3282 .13.
1814 3246 1898 3281 dec.
1933 3244 2037 3288 (ΛΜΞ.

187 3305 351 3348 Necrol..
373 3306 519 3350 1‚1186):
547 3305 738 3351 ‚‚(Obitus)
765 3307 961 3344 Uodalrici
987 3307 1144 3342 abbatis
1170 3306 1282 3341 huius
1306 3305 1382 3341 loci
1408 3308 1449 3340 et
1468 3304 1758 3350 Hquilegiensis
1781 3303 2035 3349 patriarche.“

333 3365 513 3402 Neci-ol.
533 3364 709 3412 angiae
735 3365 837 3402 mai.
863 3367 914 3402 ad
942 3366 991 3402 id.
1011 3366 1102 3402 Dec.
1133 3380 1172 3393 z
1203 3365 1258 3401 13.
1277 3365 1360 3400 dec.
1388 3363 1492 3408 (ΜΘ.
1512 3364 1677 3405 Necrol„
1704 3364 1727 3407 1,
1757 3363 1856 3407 152):
1894 3363 2036 3407 „Udal-

187 3426 288 3460 ricus
317 3424 479 3460 abbas.“

1844 3503 1894 3530 11*
