2306 3724
273 286 343 320 248
1013 276 1069 318 St.
1087 283 1169 323 490.
1194 283 1276 325 491,
1302 283 1384 319 492.

274 429 527 472 Woifberta
561 430 602 471 iz
636 428 900 483 Liemberqa
933 429 972 479 je
1008 428 1125 481 kupil
1160 428 1270 482 grad
1306 427 1567 483 VaZenberq
1603 428 1720 470 blizu
1753 427 1953 482 Trusenj.
2007 427 2127 471 Grad

276 499 512 555 Kunsperk
534 499 573 553 je
595 499 667 541 dal
691 499 904 541 razrusiti.
941 497 1187 552 Vojskoval
1222 510 1271 540 se
1294 498 1334 551 je
1357 510 1383 539 z
1417 499 1636 552 uspehom
1669 511 1696 540 z
1720 498 1915 542 Otonom
1949 500 1990 541 iz
2014 498 2127 542 Her·
2175 533 2178 535 Α

274 572 389 614 neka
422 572 464 612 in
505 570 788 624 Rajnbertom
821 571 862 612 iz
897 569 1130 612 Cmureka.

419 674 675 712 chronicon
701 674 946 719 (inmense,
983 676 1059 711 c.5
1090 674 1194 719 (ΜΟ.
1214 673 1294 719 SS„
1329 675 1451 718 XXIII,
1487 674 1541 718 9):
1579 674 1698 716 „Post
1733 674 1950 711 discessum
1984 673 2130 710 domini

275 736 438 771 Romani
459 735 637 779 senioris,
663 735 823 780 vigente
843 734 971 770 adhuc
991 734 1178 770 scismate
1198 734 1271 770 sub
1291 734 1451 770 domino
1475 733 1711 770 chuonrado
1730 735 1794 779 qui
1813 737 1852 770 et
1869 734 2130 774 pataviensis,

275 797 425 832 electus
445 797 505 831 est
524 795 704 830 dominus
731 793 935 829 Hainricus
962 793 1087 829 abbas
1115 792 1250 828 Sancti
1277 793 1382 828 Petri
1409 792 1478 837 (sc.
1498 792 1812 839 salzburgensis)
1835 793 1873 829 in
1892 792 2130 829 Gurcensem

275 856 505 900 episcopum
532 856 571 889 et
595 853 647 889 ab
674 852 970 898 archiepiscopo
997 852 1201 888 ordinatus
1229 853 1301 896 est,
1327 852 1503 897 rexitque
1530 852 1739 888 ecclesiam
1765 853 1804 888 in
1831 861 1930 897 pace
1952 853 2132 897 tempore

276 914 471 950 scismatis
500 913 519 948 7
546 913 671 948 annis.
698 912 766 947 Hic
785 912 951 948 Instituit
978 912 1185 948 cenobium
1206 913 1243 947 in
1265 910 1421 948 Giriou¹
1448 911 1755 948 Cartusiensium
1773 912 1811 947 in
1833 912 1982 947 honore
2004 911 2130 947 sancti

278 973 461 1009 Iohannis
488 972 672 1016 baptiste,
700 974 738 1007 et
765 973 938 1007 castrum
959 971 996 1006 in
1016 971 1192 1007 Trhusen
1219 971 1325 1016 quod
1345 971 1641 1017 Wausenberch
1665 971 1834 1007 dictum²
1858 973 1930 1014 est,
1955 980 1979 1006 a
2000 969 2133 1006 Wolf-

277 1034 389 1077 perto
415 1032 463 1068 de
491 1031 753 1067 Liebenberch
780 1033 937 1066 centum
977 1031 1118 1066 marcis
1144 1033 1183 1066 et
1211 1031 1297 1066 aliis
1325 1032 1440 1067 bonis
1478 1030 1652 1066 redemit.
1689 1028 2028 1075 Chuongisperch³
2062 1029 2134 1065 de-

276 1091 425 1134 struxit,
454 1089 663 1127 Ottonem⁴
690 1092 728 1126 et
753 1090 1028 1126 Reinbertum⁵
1052 1091 1166 1135 cepit,
1208 1091 1255 1126 de
1282 1091 1423 1135 quibus
1452 1092 1492 1125 ut
1515 1091 1562 1125 de
1581 1090 1748 1125 ecclesie
1774 1089 1954 1125 hostibus
1981 1089 2135 1134 magni-

276 1151 349 1187 fice
376 1149 665 1195 triumphavit.“

1075 1264 1163 1336 st.
1191 1281 1331 1334 491.

421 1399 559 1451 1167,
594 1399 698 1444 dne
732 1398 824 1444 30.
857 1399 1106 1456 avqusta.
1140 1399 1295 1443 Breie.

424 1497 721 1552 Solnoqraski
754 1496 953 1539 nadskof
986 1496 1153 1538 Henrik
1186 1496 1232 1538 11.
1266 1497 1500 1550 immania,
1534 1496 1592 1538 da
1625 1508 1675 1539 se
1709 1496 1750 1550 je
1783 1508 1812 1538 ν
1843 1495 2023 1550 njeqovi
2055 1506 2135 1537 na-

279 1569 512 1611 vzocnosti
538 1569 580 1610 in
600 1581 627 1610 ν
646 1568 941 1610 navzocnosti
966 1568 1159 1622 krskeqa
1181 1566 1314 1610 skofa
1339 1566 1534 1609 Henrika
1557 1567 1759 1621 napravil
1782 1567 1862 1608 mir
1883 1565 1983 1607 med
2003 1557 2136 1608 Sent-

280 1639 528 1693 pavelskim
574 1642 878 1682 samostanom
923 1638 964 1680 in
1005 1638 1229 1693 njeqovim
1271 1635 1620 1691 (nadskofovim)
1666 1637 1995 1680 ministerialom
2032 1635 2136 1692 Sig-

281 1711 461 1764 marjem
494 1711 631 1752 zafad
656 1711 829 1765 nekeqa
854 1714 1068 1764 posestva
1091 1721 1147 1751 na
1175 1710 1270 1764 qori
1295 1708 1329 1751 p
1346 1712 1437 1751 ust
1454 1709 1561 1751 rici
1588 1708 1678 1762 [‚‚in
1700 1711 1846 1752 monte
1878 1708 1955 1762 qui
1983 1707 2142 1751 dicitur

280 1778 511 1836 ΡιῖεΐίνεἽ.
546 1781 721 1836 Sigmar
745 1782 984 1836 innjeqov
1014 1782 1111 1824 brat
1144 1779 1310 1823 Rudoif
1342 1778 1398 1834 (iz
1438 1779 1634 1835 Lipnice)
1667 1792 1717 1823 se
1741 1780 1993 1833 odpovesta
2020 1783 2137 1822 ternu

282 1857 498 1906 posestvu
531 1865 640 1895 zase
674 1854 715 1894 in
748 1865 803 1894 za
837 1853 965 1903 svoie
999 1853 1240 1895 sorodnike
1275 1853 1388 1905 proti
1421 1855 1554 1903 temu,
1589 1852 1646 1894 da
1672 1851 1824 1894 dobita
1857 1865 1886 1894 ν
1907 1850 2015 1894 fevd
2047 1851 2139 1893 stiri

283 1924 458 1978 kmetije
492 1925 557 1978 pri
591 1923 653 1966 St.
678 1923 946 1978 SalvatorJu,
981 1925 1068 1967 dve
1102 1935 1158 1978 pa
1194 1925 1256 1976 pri
1293 1923 1411 1965 Krki.

426 2006 535 2050 Med
570 2008 751 2061 pricami
785 2019 834 2049 se
862 2007 953 2049 tudi
987 2007 1233 2060 omenjajoz
1266 2006 1526 2058 „Heinricus
1553 2005 1791 2051 Gurcensis
1825 2006 1999 2056 electus,
2035 2003 2142 2050 Otto

276 2080 529 2134 prepositus
561 2078 616 2122 de
645 2079 746 2136 stin,
790 2077 1018 2133 Sigfridus
1051 2080 1093 2121 et
1115 2078 1245 2133 fillus
1276 2090 1383 2122 suus
1417 2073 1564 2132 O(tto)
1598 2078 1651 2122 de
1684 2078 1928 2128 Leonsteiti,
1961 2076 2136 2120 Hadia-

283 2151 398 2194 ricus
430 2151 484 2193 de
517 2148 710 2198 Grinine,
745 2149 1013 2193 Perhtoldus
1046 2149 1100 2192 de
1131 2149 1419 2193 Mosiburdt.“

426 2232 567 2284 „Acta
616 2236 717 2276 sunt
768 2233 846 2276 hec
893 2244 1010 2276 anno
1060 2230 1389 2284 MCLXVIII.,6
1451 2233 1685 2276 ἰηάίείίοηε
1710 2231 1756 2275 X
1763 2232 1817 2284 V.,
1870 2231 1940 2275 III.
1971 2230 2142 2274 kalend.

285 2303 564 2360 Septembris,
620 2317 736 2348 anno
778 2305 1070 2359 pontificatus
1111 2303 1277 2347 domini
1315 2302 1542 2348 Chbnradi
1571 2304 1619 2347 II.
1654 2303 1986 2358 archiepiscopi.
2007 2302 2139 2345 Ινιια-

285 2377 431 2419 uensis
463 2374 567 2426 IIII.‚
599 2376 641 2418 in
675 2375 770 2419 loco
803 2375 1091 2418 Frisacensi“.

430 2469 594 2513 [Izvirna
621 2469 750 2505 listina
778 2479 803 2503 ν
829 2469 1047 2504 Βτὲενηεηι
1074 2469 1210 2504 arhivu
1239 2478 1287 2503 na
1314 2468 1479 2513 Durraju.
1507 2488 1548 2493 -—
1577 2468 1775 2513 Jaksch,
1803 2467 1915 2503 Mon.
1940 2467 2029 2502 hist.
2056 2466 2143 2502 duc.

287 2528 384 2572 Car„
413 2528 467 2571 111,
494 2528 574 2571 416,
600 2530 645 2562 st.
674 2527 789 2572 1108]

1092 2641 1180 2714 st.
1202 2635 1355 2712 492.

431 2776 572 2822 1167.
606 2777 802 2832 pilstanj,
837 2777 1049 2820 Motnica.

433 2874 460 2916 1.
495 2873 627 2921 Oton.
662 2874 730 2915 sin
764 2872 1036 2923 Gotboldov,
1071 2873 1268 2926 prepusti
1302 2872 1505 2925 svojemu
1539 2872 1686 2921 stricu,
1731 2870 1898 2913 kleriku
1933 2869 2143 2921 Henriku‚

291 2957 351 2998 po
389 2948 576 2986 nasvetu
622 2941 830 2998 (krskeqa
873 2942 1005 2985 skofa
1049 2941 1258 2995 Henrika)
1302 2943 1400 2996 svoj
1443 2942 1549 2984 fevd
1594 2941 1711 2984 blizu
1754 2940 1910 2995 Zilje
1944 2954 1972 2984 ν
2005 2941 2143 2995 kraju,

432 3061 441 3078 ¹
461 3059 641 3095 Jurkloster
662 3066 702 3086 na
722 3058 851 3094 juznem
874 3052 1086 3093 Stajerskem.
1108 3057 1156 3086 Gl.
1171 3058 1209 3086 st.
1226 3058 1287 3085 534.

434 3108 443 3125 ²
464 3107 671 3142 Vazenberq,
691 3113 752 3134 vas
773 3104 1051 3134 severozahodno
1072 3104 1114 3134 od
1135 3104 1318 3133 Velikovca
1340 3111 1380 3132 na
1403 3103 1597 3133 Koroskem.

431 3157 442 3174 ³
464 3155 645 3190 Kunsperk,
666 3153 942 3184 severozahodno
964 3152 1007 3181 od
1028 3153 1144 3182 Brezic
1165 3160 1206 3181 na
1229 3148 1441 3185 Staierskem.

431 3205 442 3221 ⁴
464 3203 550 3232 Oton
571 3203 600 3231 iz
622 3202 782 3231 Herneka.
806 3202 936 3230 Hernek
956 3202 986 3238 je
1007 3200 1285 3230 severovzhodno
1307 3199 1349 3228 od
1371 3198 1562 3228 Velikovca.

392 3270 396 3274 .
434 3251 445 3267 ⁵
466 3250 621 3285 Rajnbert
641 3250 671 3279 iz
692 3249 862 3278 Cmureka.

433 3298 445 3315 ὃ
464 3297 536 3326 Ακο
558 3305 593 3326 se
615 3298 762 3326 oziramo
782 3304 823 3325 na
844 3296 997 3332 indikcijo
1018 3298 1049 3325 In
1069 3295 1188 3325 stevilo
1208 3294 1397 3324 vladarskih
1412 3294 1456 3323 let
1476 3293 1638 3323 nadskofa
1659 3291 1823 3324 Kourada.
1845 3296 1992 3320 mommo
2007 3288 2084 3320 reci.
2102 3286 2145 3315 da

291 3346 321 3381 je
343 3345 406 3373 bila
427 3345 459 3373 ta
479 3344 587 3373 listina
608 3344 742 3379 spisana
762 3344 827 3372 leta
850 3343 937 3377 1167..
966 3351 1006 3372 ne
1033 3351 1075 3378 pa
1102 3343 1165 3372 leta
1188 3342 1265 3370 1168.
1291 3341 1321 3370 V
1345 3342 1387 3377 tej
1415 3341 1513 3370 listini
1545 3348 1582 3370 se
1612 3340 1742 3375 omenia
1768 3338 1940 3367 Heinricus
1966 3334 2145 3365 Gurcensis

294 3393 474 3424 electus.
501 3391 531 3419 ki
561 3392 590 3427 je
616 3391 657 3419 hil
686 3391 748 3419 dne
774 3392 799 3419 14.
821 3398 931 3420 marca
956 3391 1022 3420 leta
1044 3390 1121 3419 1168.
1138 3392 1315 3425 posvecen.
1347 3389 1485 3417 Meseca
1511 3388 1652 3423 avqusta
1680 3387 1745 3416 leta
1767 3386 1844 3415 1168,
1862 3385 1893 3414 ni
1913 3383 1956 3412 bii
1979 3381 2062 3418 torei
2082 3383 2144 3410 vec

296 3441 465 3473 „electus“.
