2306 3724
322 296 395 332 218
625 341 627 343 ,
1175 289 1232 333 St.
1258 298 1341 334 432.

325 439 567 484 sanguineus
582 441 602 482 ¹,
621 441 701 474 tam
722 440 772 474 ab
782 438 956 475 Adriano
969 439 1052 475 lV.²
1070 449 1186 484 quam
1205 439 1430 476 Alexandro
1449 441 1523 477 111.³
1549 441 1870 479 confirmationes
1891 443 2180 490 privilegiorum

325 499 504 534 obtinuit.
540 498 635 534 Huic
663 498 790 534 dictus
818 498 1024 534 Pedericus
1052 499 1182 535 omnia
1210 499 1418 545 privilegia
1444 500 1661 545 imperialia
1688 504 1727 537 et
1754 501 1900 547 regalia
1927 502 2182 545 confirmans,

322 558 530 594 marchiam
566 557 702 593 Istriae
729 559 768 593 et
795 557 1002 593 carniolae
1029 558 1213 594 ducatum
1240 561 1279 594 et
1306 561 1533 596 comitatum
1570 560 1752 607 Forojulii
1779 563 1819 597 et
1845 562 1963 598 multa
1990 562 2066 598 alia
2092 555 2194 599 loca'

321 619 360 653 et
387 619 517 653 castra
545 619 583 653 et
610 619 752 653 terram
788 618 889 654 inter
923 618 1071 653 Plavim
1103 620 1141 654 et
1177 617 1425 663 Liquentiam
1458 620 1654 664 jacentem
1689 621 1888 656 concessit
1922 623 1962 657 et
1987 630 2057 667 per
2081 622 2180 658 alios

321 686 514 712 concessa
551 677 836 713 confirmavit.⁴
869 677 985 713 Dedit
1020 677 1139 713 etiarn
1175 678 1301 713 eidem
1343 680 1584 724 patriardiae
1623 682 1662 716 et
1698 680 1890 716 ecclesiae
1927 680 2182 727 Aquilegensi

322 741 502 777 Montem
539 741 659 777 silicis
696 751 782 777 cum
811 742 993 778 omnibus
1019 742 1101 778 suis
1134 739 1393 787 appendiciis.
1428 739 1475 775 Et
1510 742 1602 783 post
1636 739 1999 776 reconciliationem
2033 740 2181 776 factam

321 801 422 835 inter
455 800 722 836 Alexandrum
758 801 813 837 111.
841 803 880 836 et
925 801 1203 846 imperatorem
1245 801 1337 837 fecit
1370 801 1473 836 idem
1507 800 1720 844 imperator
1754 800 1898 835 dictum
1933 799 2182 836 Vodalricum

323 860 578 904 patriarcham
612 869 682 904 per
706 862 830 896 totam
858 860 1007 896 Italiam
1041 871 1153 897 suum
1197 860 1386 896 vicariurn
1422 859 1679 905 generalem.⁵
1713 859 1782 894 Hic
1818 859 2011 904 duplicem
2046 859 2180 895 habuit

324 919 577 965 legationem.
603 919 712 965 Jacet
738 920 775 955 in
801 919 1020 965 Aquilegia,
1047 921 1085 956 in
1112 921 1224 965 cujus
1255 921 1511 955 monumento
1537 918 1775 963 infrascripti
1801 928 1937 954 versus
1965 920 2074 954 sunt:

682 1002 812 1047 „Alter
837 1003 1016 1039 Volricus
1046 1005 1148 1047 iacet
1174 1003 1236 1039 hic
1263 1002 1479 1048 patriardia
1506 1002 1712 1047 benignus.

681 1062 877 1098 Fluctibus
904 1062 1080 1098 illaesam
1107 1062 1325 1099 schismatis
1352 1062 1559 1098 ecclesiam

682 1122 803 1162 Rexit,
835 1122 991 1164 ditavit3
1019 1122 1160 1159 fratres
1187 1123 1260 1158 hos
1287 1122 1372 1167 ipse
1399 1122 1550 1157 beavit:

680 1181 773 1217 Cum
800 1182 911 1228 justis
939 1185 1106 1225 maneat,
1137 1182 1279 1228 gaudia
1309 1179 1550 1227 possideat.“

465 1263 599 1300 vitae
625 1265 737 1310 patr.
759 1263 907 1311 Aquil.
930 1263 986 1300 ab
1014 1263 1202 1301 auctore
1217 1272 1446 1310 anonymo
1461 1263 1680 1308 (Muratori,
1709 1263 1792 1299 Rer.
1813 1263 1894 1299 Ital.
1914 1264 2060 1308 script„
2087 1263 2180 1306 XVI,

324 1322 399 1366 13):
433 1322 688 1367 „Vodalricus
724 1324 940 1368 patriarcha
975 1324 1078 1360 sedit
1112 1333 1238 1359 annos
1275 1324 1348 1366 XX,
1391 1333 1546 1359 menses
1582 1322 1658 1367 Vll,
1696 1323 1779 1359 dies
1814 1321 1887 1358 vn.
1928 1322 2000 1368 Qui
2027 1323 2181 1369 legatus

325 1383 572 1427 apostolicae
610 1383 716 1419 sedis
754 1383 883 1419 factus
918 1385 990 1426 est,
1023 1386 1063 1419 et
1097 1383 1303 1419 Federicus
1337 1384 1550 1428 imperator
1584 1383 1695 1427 primi
1732 1383 2088 1428 consanguineus6.
2122 1381 2183 1418 Ab

317 1441 522 1481 ,Hadriano
550 1442 634 1478 IV.⁶
662 1443 701 1477 et
726 1441 952 1478 Alexandro
982 1443 1122 1478 tertio⁶
1151 1443 1477 1478 confirmationes
1504 1443 1796 1488 privilegiorum
1822 1451 1981 1478 suorum
2001 1442 2182 1478 obtinuit.

323 1502 420 1538 Huic
456 1502 573 1537 etiam
610 1501 738 1538 dictus
773 1502 980 1538 Pedericus
1017 1503 1149 1538 omnia
1187 1503 1390 1548 privilegia
1423 1503 1638 1547 imperialia
1674 1505 1714 1538 et
1748 1502 1894 1548 regalia
1930 1501 2182 1543 confirmans,

324 1562 398 1598 sibi
431 1561 547 1596 etiam
588 1561 795 1598 marchiam
831 1561 998 1598 Histriae
1033 1564 1072 1597 et
1109 1561 1318 1598 Carniolae
1357 1563 1540 1598 ducatum
1575 1565 1614 1598 et
1650 1562 1878 1597 comitatum
1914 1560 2109 1606 Pori-Iulii
2143 1562 2183 1596 et

325 1622 444 1656 multa
471 1621 547 1656 alia
575 1621 662 1656 loca
690 1623 729 1656 et
755 1623 884 1657 castra
912 1624 952 1657 et
978 1624 1121 1657 terram
1148 1622 1251 1657 inter
1276 1622 1425 1657 Plavim
1452 1623 1491 1657 et
1510 1621 1760 1667 ⁸Liquentiam
1800 1622 1995 1666 jacentem
2035 1619 2184 1656 confir-

323 1681 481 1717 mavit.⁶
515 1681 630 1716 Dedit
656 1681 772 1717 etiam
802 1682 995 1717 ecclesiae
1022 1681 1263 1727 Aquileiensi
1292 1681 1341 1717 de
1367 1681 1557 1726 imperiali
1583 1681 1793 1727 largitione
1831 1680 2011 1716 Montem
2039 1678 2182 1722 Silicis,

323 1741 387 1785 qui
414 1743 475 1776 est
499 1741 605 1787 juxta
632 1741 807 1777 Paduam
834 1751 904 1787 per
922 1742 953 1777 X
976 1742 1163 1786 milliaria,
1191 1751 1282 1777 cum
1301 1742 1483 1778 omnibus
1503 1741 1584 1777 suis
1603 1740 1833 1786 apendiciis.
1859 1740 1906 1775 Et
1927 1740 2019 1784 post
2039 1748 2182 1774 recon-

325 1800 562 1836 ciliationem
590 1800 737 1836 factam
763 1802 864 1837 inter
889 1801 1154 1837 Alexandrum
1173 1802 1331 1837 tertium
1351 1802 1390 1836 et
1410 1801 1536 1845 ipsum
1559 1801 1757 1836 dominum
1785 1800 2070 1844 imperatorem,
2097 1799 2183 1843 ipse
2232 1795 2234 1797 ’

322 1859 545 1896 Alexander
571 1860 664 1896 fecit
697 1861 842 1896 dictum
870 1861 1121 1897 Voldaricum
1151 1870 1220 1905 per
1245 1862 1369 1896 totam
1397 1860 1545 1895 ltaliam
1571 1860 1758 1895 vicarium
1789 1868 1900 1894 suum
1923 1858 2183 1904 generalem.⁶

322 1918 392 1954 Hic
419 1919 561 1964 duplici
590 1920 800 1965 legatione,
828 1921 977 1956 scilicet
999 1921 1131 1966 papali
1152 1923 1190 1956 et
1213 1920 1402 1965 imperiali
1416 1921 1630 1955 coronatus
1646 1919 1731 1954 fuit.
1757 1918 1864 1964 lacet
1883 1919 1922 1953 in
1939 1917 2185 1962 Aquileiensi

323 1979 502 2021 ecclesia,
530 1979 569 2014 in
597 1980 706 2024 cujus
735 1982 988 2015 monumento
1015 1980 1258 2024 infrascripti
1287 1989 1423 2015 versus
1450 1979 1637 2022 descripti
1664 1979 1703 2013 et
1730 1978 1872 2022 sculpti
1899 1979 2006 2013 suntz

687 2062 819 2106 „Alter
845 2062 1024 2098 Volricus
1052 2064 1155 2108 jacet
1181 2063 1268 2098 heic
1295 2062 1512 2108 patriarcha
1540 2061 1745 2107 benignus.

682 2122 879 2158 Fluctibus
906 2122 1082 2158 illaesam
1108 2122 1327 2158 schismatis
1355 2122 1563 2158 ecclesiam

686 2182 809 2225 Rexit,
836 2182 986 2225 ditavit,
1014 2182 1155 2218 fratres
1183 2183 1255 2217 hos
1283 2182 1368 2226 ipse
1395 2182 1545 2222 beavit;

683 2241 776 2277 Cum
804 2242 915 2287 justis
943 2243 1112 2282 maneat,
1140 2240 1283 2287 gaudia
1312 2241 1431 2277 multa
1458 2238 1637 2276 habeat.“

466 2323 597 2360 Vitae
624 2323 736 2369 patr.
756 2323 903 2370 Aquil.
924 2323 980 2360 ab
1007 2323 1193 2360 auctore
1219 2323 1323 2360 Ant.
1349 2322 1543 2360 Bellone
1577 2322 1796 2367 (Muratori,
1832 2322 1917 2358 Rer.
1938 2322 2018 2358 Ital.
2036 2322 2180 2366 script„

267 2432 270 2433 ⁷
324 2381 418 2425 XVI,
445 2382 523 2427 42):
561 2383 623 2420 „In
652 2385 869 2420 demortui⁷
896 2385 1025 2419 locum
1051 2383 1287 2419 adsciscitur
1313 2382 1518 2419 Odalricus
1546 2381 1598 2423 11..
1627 2383 1691 2427 qui
1718 2382 1964 2427 apostolicae
1990 2382 2098 2417 sedis
2125 2381 2183 2417 le-

325 2445 457 2487 gatum
492 2446 640 2488 egerat.
674 2443 708 2478 A
743 2443 997 2488 pontificibus
1034 2443 1212 2478 maximis
1239 2442 1414 2478 Adriano
1441 2442 1525 2478 IV.⁶
1550 2444 1590 2478 et
1618 2442 1846 2478 Alexandro
1872 2441 1952 2478 111.⁶
1978 2441 2181 2486 privilegia

324 2502 454 2537 omnia
481 2502 562 2538 suis
599 2503 811 2548 majoribus
845 2512 1050 2545 concessa,
1089 2505 1172 2538 rata
1213 2503 1298 2538 fieri
1325 2504 1364 2537 et
1384 2501 1614 2548 >confirmari
1653 2500 1885 2545 impetravit,
1921 2503 1962 2536 ut
1989 2500 2182 2536 ecclesiae

326 2570 423 2596 suae
451 2561 630 2607 dignitati
657 2562 796 2598 sedulo
823 2562 1060 2598 consuleret.
1093 2560 1269 2598 Obtinuit
1296 2561 1510 2606 imperialia
1538 2563 1577 2596 et
1605 2560 1752 2606 regalia
1779 2570 1801 2595 a
1829 2559 2020 2596 Federico
2046 2559 2181 2595 Aeno-

325 2620 449 2656 barbo
483 2629 556 2656 suo
592 2622 923 2666 consanguine06.
959 2630 1074 2666 quem
1108 2620 1302 2656 Adrianus
1338 2621 1423 2665 ipse
1466 2629 1639 2655 coronae
1681 2619 1902 2664 insignibus
1946 2619 2182 2660 donaverat;

325 2679 531 2715 marchiam
564 2680 657 2715 item
683 2680 862 2723 Histriae,
898 2681 1061 2722 Treven,
1096 2680 1241 2726 Tgven,
1277 2679 1510 2722 carniolam,
1541 2679 1641 2715 Foro
1669 2679 1753 2725 Julii
1790 2677 1973 2714 ducatum
2000 2680 2041 2714 et
2067 2678 2182 2723 quid-

325 2738 418 2783 quid
443 2739 697 2775 castellorum
733 2740 1061 2784 praediorumque
1088 2742 1148 2775 est
1176 2741 1275 2775 inter
1301 2732 1449 2775 plavim
1476 2741 1516 2774 et
1544 2739 1787 2783 Liquentiam
1823 2739 1998 2774 amnes⁶z
2031 2737 2182 2773 addidit

323 2797 529 2834 Pedericus
549 2798 729 2834 Montem
749 2798 876 2835 Silicis
895 2809 983 2834 cum
1004 2800 1196 2841 omnibus,
1219 2808 1319 2844 quae
1341 2799 1549 2843 pertinent,
1567 2798 1618 2833 ad
1642 2799 1837 2843 quotquot
1859 2807 2045 2842 passuum
2064 2796 2181 2832 millia

476 2880 486 2898 ¹
508 2879 588 2908 Tudi
609 2880 690 2908 Ann.
706 2880 818 2910 Colon.
833 2881 962 2909 maximi
982 2880 1087 2916 trdijo,
1108 2880 1149 2909 da
1169 2881 1200 2916 je
1220 2880 1263 2909 bil
1285 2879 1430 2916 patriarh
1445 2878 1535 2908 Ulrik
1555 2879 1588 2908 11.
1609 2879 1790 2915 „cognatus
1805 2878 2040 2915 imperatoris&
2059 2877 2093 2914 Je
2109 2877 2130 2906 li
2146 2878 2179 2906 to

327 2933 382 2954 res
403 2926 433 2954 in
455 2926 540 2956 hako
561 2927 590 2962 ie
612 2927 677 2956 bilo
698 2929 732 2957 to
752 2928 941 2961 sorodstvo,
962 2929 1003 2956 mi
1024 2929 1055 2956 ni
1074 2936 1191 2957 znano.
1869 2931 1874 2933 ”

479 2975 490 2992 ²
510 2974 620 3010 Dapez
641 2975 795 3011 Hadrijan
816 2975 864 3004 IV.
878 2975 908 3011 je
929 2975 1009 3004 umrl
1030 2978 1069 3004 ze
1090 2976 1155 3004 leta
1176 2975 1252 3004 1159.
1267 2976 1298 3003 in
1318 2976 1395 3004 zato
1410 2975 1440 3003 ni
1455 2975 1562 3011 mogel
1591 2974 1723 3010 potrditi
1752 2973 1919 3009 patriarhu
1940 2973 2051 3002 Ulriku
2072 2972 2105 3001 11.
2119 2980 2179 3002 no-

325 3021 424 3050 benih
445 3022 659 3058 privilegijeV.

477 3069 489 3086 ³
510 3068 557 3098 Gl.
572 3070 611 3097 st.
623 3069 678 3098 572
697 3070 729 3098 in
747 3070 810 3098 652.

479 3117 490 3134 ⁴
513 3115 615 3144 Cesar
637 3116 782 3145 Friderik
802 3116 820 3144 l.
836 3117 866 3152 je
886 3120 949 3153 pac
969 3117 1033 3146 leta
1061 3117 1137 3146 1180.
1159 3118 1252 3147 vsled
1278 3118 1412 3154 proane
1442 3118 1608 3153 patriarha
1629 3117 1739 3146 Ulrika
1769 3116 1886 3152 potrdil
1908 3115 2039 3152 niegovi
2069 3114 2180 3144 cerkvi

328 3162 509 3192 Furiansko
528 3163 718 3199 voivodino,
738 3164 856 3200 zemljo
877 3164 950 3193 med
971 3164 1073 3193 piavo
1099 3164 1131 3193 in
1160 3164 1313 3198 Livenzo,
1346 3165 1427 3200 grad
1453 3165 1593 3202 Trebnje
1619 3165 1650 3193 in
1676 3167 1713 3193 se
1742 3163 1894 3193 nekoliko
1924 3162 2040 3199 drugih
2067 3162 2180 3198 krajev

325 3209 519 3245 (91.st.630)‚
540 3218 579 3239 ne
600 3218 642 3246 pa
664 3211 869 3247 Kranjskega
889 3213 921 3240 in
941 3219 981 3240 ne
1002 3212 1107 3248 mejne
1127 3212 1243 3248 grofije
1263 3212 1394 3241 lstrske.

478 3259 489 3275 ⁵
511 3257 541 3286 V
562 3258 723 3288 nobenem
744 3266 878 3293 pravem
898 3259 969 3287 viru
990 3267 1030 3288 ne
1051 3260 1179 3293 citamo,
1200 3259 1240 3287 da
1260 3259 1292 3288 bi
1311 3259 1354 3288 bil
1375 3267 1471 3288 cesar
1491 3259 1636 3289 Friderik
1657 3259 1799 3296 postavil
1819 3257 1987 3294 patriarha
2009 3257 2119 3287 Ulrika
2138 3264 2179 3286 za

326 3304 465 3340 svojega
487 3306 708 3342 generalnega
728 3306 854 3342 vikarja
875 3314 918 3342 po
938 3306 1039 3342 ltaliji.

476 3352 488 3370 ⁶
508 3351 577 3388 Glej
599 3354 714 3389 zgoraj
736 3353 869 3382 doticno
890 3353 1031 3389 opazko.

477 3400 488 3417 ⁷
508 3399 663 3429 Bellonus
684 3400 753 3433 trdi,
780 3400 821 3429 da
840 3400 870 3436 ie
890 3401 932 3429 bil
955 3400 1044 3429 Ulrik
1064 3400 1096 3430 11.
1111 3401 1280 3430 naslednik
1300 3402 1467 3437 patriai-ha
1497 3401 1654 3435 Gotfrida,
1675 3401 1733 3430 kar
1752 3401 1782 3437 je
1803 3408 1845 3437 pa
1866 3402 2026 3436 napacno.
2048 3399 2176 3430 Gotfrid

325 3444 358 3480 ie
379 3447 416 3474 se
436 3446 465 3475 le
487 3448 641 3482 po'smrti
663 3448 773 3477 Ulrika
794 3448 826 3476 11.
842 3448 949 3484 postal
971 3447 1110 3484 oglejski
1132 3448 1286 3484 patriarh.
