2306 3724
853 277 910 319 St.
926 285 1008 324 375,
1034 284 1116 324 376.
1141 284 1224 325 377.
1249 283 1330 320 578.
1952 283 2020 319 193

307 428 460 481 „Anno
494 429 710 493 dominice
748 428 1063 472 incarnationis
1104 417 1332 471 millesimo
1376 428 1608 472 centesimo
1654 429 2020 484 quinquagesimo

164 504 342 552 octavo,
389 500 623 544 indicti0ne
663 502 803 552 sexta,
843 499 904 543 Vl.
938 498 1036 542 idus
1067 499 1175 550 Iulii,
1219 501 1432 554 regnante
1473 498 1704 542 Frederico
1738 499 2019 543 invictissimo

165 571 464 618 Romanorum
497 572 760 627 imperatore
792 582 967 626 semper
997 573 1213 626 augusto,
1257 581 1374 614 anno
1419 571 1548 626 regni
1590 571 1683 614 eius
1712 571 1808 625 Vll„
1853 572 2023 626 imperii

167 655 268 687 vero
302 645 458 698 quarto
491 641 647 686 Actum
679 654 814 698 super
842 642 1044 685 Mitttium
1069 641 1256 697 fluvium
1290 642 1402 684 inter
1429 641 1596 685 Voltam
1630 644 1673 685 et
1700 642 1870 686 Valez.“

308 723 470 768 [Izvirna
498 724 628 760 listina
642 734 668 760 v
684 723 865 760 Hrdiivio
893 723 1149 768 diplomatico
1169 732 1195 758 v
1212 722 1377 758 Milanu.
1406 743 1446 748 —
1475 722 1572 758 3611
1584 732 1652 758 me
1664 733 1699 764 r,
1731 722 1831 759 Acta
1859 724 2017 768 imperii,

161 783 220 823 97.
248 784 296 819 st.
312 782 406 828 104]

965 863 1055 937 ἐι.
1077 878 1224 932 576.

305 983 450 1037 1158,
485 984 590 1030 dne
625 984 710 1029 211.
739 983 794 1029 in
828 984 1092 1040 25.juliia.

307 1068 478 1122 Vojska
510 1069 682 1123 cesaria
705 1068 928 1112 Friderika
961 1081 1011 1112 se
1047 1070 1198 1123 napoti
1232 1070 1345 1122 proti
1366 1068 1537 1112 Milanu
1570 1072 1635 1112 ter
1662 1071 1805 1124 dospe
1831 1071 1891 1115 do
1913 1072 2019 1114 reke

164 1139 308 1182 Adde.
356 1138 616 1183 Koroski
658 1140 924 1194 vojvoda
968 1139 1187 1183 Henrik
1231 1152 1391 1182 vzame
1443 1141 1560 1183 neko
1610 1141 1770 1184 utrdbo
1818 1143 2015 1195 nasproti

163 1211 318 1266 gradu,
351 1210 529 1254 Trezzo
562 1212 916 1254 imenovanemu.
964 1210 1268 1254 Dorocevalec
1289 1210 1513 1266 Vincencij
1548 1213 1688 1266 pravi,
1722 1212 1779 1253 da
1810 1213 1851 1266 je
1886 1214 2016 1266 prisel

162 1282 222 1324 do
255 1283 495 1336 postojank
527 1283 784 1338 koroskeqa
817 1281 1016 1336 vojvoda
1053 1285 1119 1324 ter
1161 1285 1206 1324 tu
1251 1282 1343 1324 tudi
1389 1283 1598 1336 prenocil.
1642 1283 1869 1338 Naslednji
1915 1285 2015 1335 dan,

163 1354 220 1396 ko
252 1354 292 1407 je
327 1353 384 1396 bil
417 1354 602 1408 praznik
634 1366 700 1396 sv.
722 1352 907 1408 Jakoba‚
951 1354 992 1406 je
1026 1353 1091 1396 sel
1125 1356 1205 1396 cez
1238 1356 1356 1396 most
1387 1356 1453 1396 ter
1487 1353 1647 1407 dospel
1685 1354 1745 1397 do
1779 1356 2016 1409 postojank

161 1425 358 1480 ceskeqa
390 1426 528 1479 kralja
560 1426 603 1467 in
635 1426 860 1480 praskeqa
893 1424 1027 1467 skofa
1061 1424 1259 1467 Daniela.

302 1504 525 1543 Vincentii
546 1504 790 1552 Pragensis
811 1504 924 1541 Ann.
939 1505 991 1541 ad
1009 1505 1147 1541 a.1158
1169 1504 1272 1549 (ΜΟ.
1288 1504 1367 1546 SS.,
1391 1505 1499 1545 xvll,
1523 1505 1626 1549 670):
1654 1506 1760 1552 „qu
1781 1509 1912 1543 autem
1926 1507 2015 1543 Vin-

160 1567 312 1602 centius
333 1594 341 1602 .
363 1594 371 1602 .
391 1594 399 1602 .
426 1566 477 1602 ad
502 1566 697 1602 stationes
724 1564 835 1600 ducis
861 1564 1074 1605 Karinthie.
1111 1565 1175 1609 qui
1202 1565 1240 1600 in
1266 1564 1457 1609 superiori
1484 1567 1596 1608 parte
1623 1565 1792 1602 fluminis
1820 1567 2015 1611 quandam

161 1625 303 1661 fortem
331 1625 584 1661 munitionem
612 1627 750 1660 contra
776 1626 948 1660 castrum
967 1624 1070 1659 Trek
1095 1622 1267 1669 ceperat,
1294 1633 1356 1659 me
1382 1633 1468 1659 cum
1498 1624 1643 1660 familia
1673 1635 1845 1661 meorum
1873 1629 2014 1661 contu-

163 1685 377 1721 bernalium
404 1684 581 1726 confero.
615 1686 655 1719 et
686 1684 744 1720 sic
770 1683 874 1719 illam
901 1686 1072 1724 noctem,
1108 1683 1209 1719 sicut
1235 1684 1364 1718 status
1390 1683 1491 1719 illius
1522 1684 1711 1728 temporis
1738 1693 1782 1720 se
1808 1684 2016 1726 offerebat,

160 1745 287 1790 exegi.
313 1743 489 1780 Crastina
510 1746 642 1780 autem
662 1743 735 1784 die,
762 1742 801 1778 in
828 1742 932 1778 festo
953 1743 1134 1778 videlicet
1160 1743 1286 1777 sancti
1306 1742 1449 1783 lacobi.
1475 1752 1563 1778 cum
1590 1752 1708 1788 supra
1737 1744 1840 1779 dicta
1868 1744 2014 1779 familia

161 1805 281 1840 salvis
316 1803 497 1839 omnibus
524 1803 641 1838 rebus
667 1802 813 1838 nostris
839 1802 1113 1842 existentibus.
1145 1811 1215 1846 per
1247 1803 1407 1846 pontem
1436 1802 1568 1837 domni
1603 1802 1850 1847 imperatoriS
1877 1813 2014 1839 secure

160 1863 306 1899 flumen
343 1862 606 1903 transivimus,
641 1864 680 1898 et
713 1863 770 1899 sic
804 1862 855 1898 ad
888 1862 1082 1898 stationes
1116 1862 1262 1897 domini
1299 1861 1422 1897 nostri
1458 1862 1562 1907 regis
1597 1863 1636 1897 et
1672 1863 1803 1898 domni
1839 1863 2014 1907 episcopi

160 1921 374 1959 venimus.“

951 2002 1044 2074 St.
1069 2017 1207 2070 577.

304 2125 448 2177 1158,
483 2135 701 2170 meseca
734 2125 982 2181 avgusta.
1112 2109 1133 2179 γ’

303 2209 414 2252 Med
447 2209 609 2257 tistimi,
644 2210 685 2251 ki
710 2221 763 2251 so
786 2209 931 2251 takrat
963 2209 1156 2263 obleqali
1188 2207 1344 2256 Milan,
1377 2221 1426 2250 se
1461 2209 1682 2262 omenjajo
1716 2209 1903 2263 oglejski
1938 2221 2014 2262 pa-

160 2281 294 2324 triarh
328 2281 552 2336 Peregrin.
587 2279 817 2335 Oqlejcani
850 2280 892 2322 in
927 2271 1134 2322 Cedadci.

303 2360 531 2398 vincentii
555 2359 802 2408 pragensis
827 2360 945 2396 nnn.
972 2360 1023 2396 ad
1049 2370 1084 2396 a.
1101 2360 1194 2396 1158
1219 2359 1324 2404 (MG.
1350 2359 1430 2401 SS.,
1458 2359 1568 2401 xvll.
1594 2359 1694 2404 673):
1722 2360 2014 2404 „Mediolanum

160 2431 210 2456 ex
243 2422 347 2457 omni
382 2423 495 2466 parte
526 2421 617 2457 forti
652 2420 915 2457 circumdatur
951 2420 1109 2455 militia.
1134 2446 1168 2455 ..
1196 2418 1322 2454 Affuit
1348 2428 1505 2464 quoque
1537 2419 1770 2465 Peregrinus
1797 2420 2014 2465 patriarcha

163 2480 438 2526 unileqensis
454 2506 462 2515 .
478 2507 486 2516 .
502 2508 511 2516 .
531 2481 605 2516 alie
626 2488 783 2525 quoque
802 2479 1023 2515 Lonbardie
1043 2479 1226 2514 civitates
1247 2488 1334 2514 cum
1353 2488 1423 2515 sua
1444 2479 1534 2514 forti
1556 2479 1689 2515 militia
1710 2479 1796 2515 huic
1817 2479 2014 2516 affuerunt

161 2540 282 2583 operi,
309 2539 490 2575 videlicet
515 2539 814 2584 Aquileqienses
835 2566 843 2575 .
864 2566 873 2574 .
893 2566 901 2574 .
928 2539 976 2574 de
1003 2538 1103 2574 Foro
1130 2537 1247 2574 Iulii.“

949 2677 1039 2750 st.
1065 2693 1208 2746 578.

305 2798 435 2844 1158
469 2794 636 2855 (okoli
668 2799 749 2844 12.
772 2796 1060 2856 angustans

305 2882 373 2926 Ko
415 2895 468 2925 so
510 2886 606 2926 cete
647 2883 818 2937 cesaria
851 2883 1073 2925 Friderika
1116 2882 1321 2937 obleqale
1355 2881 1520 2930 Milan,
1565 2894 1617 2925 so
1651 2894 1700 2924 se
1744 2882 2011 2938 oglejski

164 2955 430 3004 patriarh
466 2953 769 3009 peregrin,
804 2955 1057 2996 bamberski
1092 2953 1197 2996 skof
1229 2953 1456 2995 Eberhard
1484 2954 1526 2995 in
1553 2954 1703 3007 praski
1729 2953 1834 2996 skof
1857 2953 2010 2996 Daniel

164 3025 355 3080 poqajali
389 3037 415 3066 z
448 3024 690 3067 Milancani
720 3028 899 3068 zastran
932 3026 1054 3067 miru.

304 3105 530 3142 vincentii
556 3105 800 3152 pragensis
824 3106 940 3142 nnn.
960 3106 1011 3142 ad
1036 3116 1072 3142 a.
1088 3106 1180 3142 1158
1205 3104 1309 3149 (MG.
1330 3104 1411 3147 SS.,
1439 3104 1549 3146 XVII,
1574 3105 1675 3149 674):
1703 3105 1823 3150 „Dum
1850 3106 1921 3141 hec
1943 3115 2012 3151 qe-

163 3167 308 3205 runtur.
335 3165 567 3210 Peregrinus
592 3164 866 3211 Aquileqensis
892 3165 1120 3210 patriarcha,
1147 3164 1394 3200 Ebrehardus
1423 3163 1764 3210 Babenberqensis
1791 3165 2013 3209 episcopus,

163 3224 298 3260 Daniel
331 3224 540 3269 Draqensis
574 3225 787 3269 episcopus
821 3224 1146 3260 Mediolanenses
1182 3224 1229 3259 de
1264 3223 1323 3259 his
1358 3233 1434 3268 que
1468 3224 1523 3259 eis
1558 3223 1609 3259 ad
1635 3233 1771 3268 pacem
1798 3226 1889 3260 sunt
1914 3233 2012 3259 con-

163 3282 358 3319 veniunt.“

305 3388 315 3405 ¹
336 3387 466 3422 Disatelj
489 3386 595 3415 kmalu
624 3394 663 3415 za
692 3387 725 3415 to
755 3386 865 3415 notico
892 3386 1020 3421 omenja
1052 3386 1244 3418 ..Ansalinus
1272 3386 1531 3415 Ravennatensis
1557 3385 1720 3414 ecclesiae
1747 3385 2011 3420 archiepiscopus

164 3434 287 3462 interea
309 3435 469 3465 moritur“‚
491 3433 548 3462 kar
569 3441 605 3462 se
625 3433 655 3468 ie
675 3434 808 3469 zqodilo
829 3433 891 3462 dne
913 3434 954 3462 12.
969 3434 1121 3469 avqusta.

306 3503 389 3532 Kos:
410 3503 612 3539 zqodovina.
1837 3501 1868 3529 21
