2306 3724
984 265 1040 307 St.
1065 271 1148 312 817,
1173 271 1254 308 818.

1896 272 2038 342 la

334 412 514 451 Contin.-
537 411 778 452 Cremiian.
804 414 856 450 ad
880 423 916 450 a.
944 413 1035 450 1192
1061 413 1165 458 (ΜΟ.
1191 413 1272 455 SS.,
1298 414 1356 455 IX,
1374 413 1477 458 548):
1498 414 1726 457 „Richardus
1754 424 1821 450 rex
1848 414 2034 460 Anglicus

193 500 227 509 ..
246 501 255 510 .
273 474 312 510 in
339 474 492 510 modica
519 473 646 520 galea,
673 483 751 510 non
777 474 884 519 regia
910 474 973 510 via
999 474 1070 510 sed
1096 474 1357 510 cancrizando
1382 483 1519 510 versus
1554 474 1799 520 Equilegiam
1825 484 1914 510 cum
1934 483 2034 519 pau—

191 533 356 570 cissimis
382 535 443 570 est
461 533 658 577 adpulsus,
676 533 844 578 indeque
871 543 972 570 nunc
992 534 1126 578 pedes,
1145 542 1246 569 nunc
1265 543 1397 578 eques,
1415 534 1538 570 isdem
1559 534 1766 570 comitibus
1796 535 1876 570 suis
1895 534 2034 578 partim

192 593 328 638 captis,
362 593 500 638 partim
526 593 681 634 occisis,
713 593 751 628 in
786 593 985 629 civitatem
1020 593 1200 629 Hustriae
1227 592 1437 628 Wiennam
1473 593 1614 629 dictam
1649 593 1841 629 latitando
1877 594 2037 639 ignarus

193 652 357 697 ducitur,
381 654 421 688 et
445 652 497 688 ab
523 652 612 698 ipso
638 653 738 689 duce
763 653 934 698 regionis
960 653 1001 689 L.
1028 652 1402 697 comprehenditur.‘¹

334 709 510 748 Contin-
536 711 750 748 Hdrnunt.
776 712 827 748 ad
852 722 888 748 a.
908 711 1122 756 1193·(MG.
1141 711 1221 753 SS.,
1241 711 1298 752 lx,
1320 711 1423 756 587):
1447 712 1699 754 „Ridiaredus
1726 722 1794 748 rex
1820 711 2035 758 anlorum

278 771 365 816 Ipse
389 780 485 807 vero
511 771 671 817 navigio
697 773 912 815 repatriare
936 772 1086 813 volens,
1112 772 1279 808 adversa
1307 781 1401 808 aura
1429 772 1477 808 de
1512 772 1796 808 mediterraneo
1821 772 1860 807 in
1886 771 2032 807 Ionium

193 839 298 867 mare
324 830 487 872 delatus.
513 832 553 867 et
577 831 629 867 ad
654 834 796 867 terram
832 841 1028 878 egressus,
1054 831 1193 867 Forum
1228 831 1307 867 Iulii
1334 833 1374 867 et
1404 831 1656 873 Karinthiam,
1684 832 1853 877 quinque
1887 833 2037 867 tantum

192 890 284 926 viris
309 890 530 932 comitatus,
557 890 715 936 ignotus
741 893 780 927 et
806 891 998 937 profugus
1023 891 1223 935 transivit3
1249 892 1288 927 et
1315 891 1405 927 dum
1431 900 1500 936 per
1519 890 1716 928 Austriam
1736 892 1833 927 fines
1852 891 2038 926 Boemiae

193 950 336 986 intrare
362 950 490 991 vellet.
516 950 555 986 in
581 951 741 987 civitate
767 950 884 987 Wien
911 951 1104 996 cognitus,
1131 952 1170 987 et
1194 961 1217 986 a
1244 951 1342 987 duce
1374 950 1576 995 Liupoldo,
1602 951 1769 986 Heinrici
1802 951 1911 986 ducis
1944 950 2035 991 filio,

193 1010 331 1054 captus
358 1011 450 1046 est.¹¹

334 1078 542 1127 lingonis
568 1079 778 1118 chronici
804 1081 1083 1119 continuatio
1109 1080 1476 1128 weingartensis
1503 1082 1606 1127 (ΜΟ.
1625 1082 1704 1123 SS.,
1725 1082 1816 1126 XXI,
1837 1081 1939 1126 479l:
1961 1082 2039 1123 „Ea

191 1140 427 1184 tempestate
454 1150 521 1176 rex
540 1140 754 1187 anlorum
773 1151 795 1177 a
813 1143 1084 1178 transmarinis
1105 1143 1281 1187 partibus
1302 1142 1456 1178 rediens
1474 1152 1611 1178 versus
1632 1142 1879 1187 Aquileqiam
1900 1143 2038 1177 contra

192 1199 435 1236 voluntatem
470 1200 670 1242 devectus,
697 1201 786 1236 dum
822 1211 891 1246 per
927 1201 1163 1238 Carinthiam
1198 1205 1237 1238 et
1271 1201 1511 1238 Orientalem
1548 1202 1788 1247 provinciam
1824 1202 2039 1247 repatriare

193 1259 422 1304 temptabat,
448 1269 471 1295 a
498 1260 688 1305 Liupoldo
715 1258 971 1298 Orientalium
999 1262 1099 1298 duce
1130 1262 1182 1298 ob
1217 1262 1414 1307 quoddam
1449 1262 1576 1297 latens
1612 1262 1742 1298 odium
1770 1270 1839 1306 per
1875 1261 2039 1297 insidias

193 1319 509 1365 comprehensus,
535 1321 760 1366 imperatori
787 1321 1000 1367 Ratispone
1027 1324 1308 1366 presentatur.“

336 1377 592 1417 Chronicon
616 1379 773 1427 magni
797 1379 1042 1427 presbiteri
1067 1382 1118 1416 ad
1144 1391 1177 1417 a.
1206 1381 1298 1418 1192
1325 1380 1428 1426 (ΜΟ.
1449 1378 1529 1422 SS.,
1551 1381 1658 1425 XVII,
1679 1380 1783 1424 520):
1803 1380 1923 1422 „Nam
1949 1389 2037 1416 cum

194 1447 380 1484 prospere
413 1439 614 1484 aliquanto
639 1442 818 1485 tempore
844 1443 1072 1486 navigasset
1097 1441 1165 1485 (sc.
1192 1451 1260 1477 rex
1286 1439 1478 1486 anliae),
1504 1443 1646 1486 postea
1673 1441 1803 1476 subito
1831 1442 2037 1484 correptus

194 1500 429 1543 tempestate
455 1499 519 1534 illa
545 1500 750 1535 sevissima
779 1500 827 1536 de
854 1510 927 1545 qua
955 1510 1074 1546 supra
1101 1501 1243 1536 dictum
1271 1502 1342 1542 est,
1370 1510 1470 1546 quae
1497 1501 1568 1536 fuit
1594 1502 1632 1536 in
1659 1510 1794 1536 mense
1819 1500 1999 1546 Rugusto
2016 1501 2041 1541 ¹,

196 1560 235 1594 et
261 1557 434 1594 disiectis
460 1559 630 1604 undique
657 1560 822 1595 navibus
850 1570 951 1604 quae
977 1569 1064 1596 eum
1092 1561 1234 1596 multae
1260 1561 1526 1605 sequebantur
1553 1569 1660 1596 more
1679 1560 1800 1605 regio,
1820 1560 1904 1605 ipse
1931 1560 2040 1595 solus

195 1627 282 1653 cum
309 1618 399 1654 navi
425 1628 496 1654 sua
522 1621 642 1654 vento
667 1619 908 1655 validissimo
945 1620 1166 1665 inpellente,
1192 1620 1391 1665 proiectus
1417 1622 1478 1656 est
1513 1620 1551 1655 in
1578 1621 1712 1664 pmtes
1739 1620 1889 1655 vicinas
1916 1618 2039 1664 liqui—

196 1677 447 1723 legiensibus.
474 1677 527 1713 Ibi
553 1688 576 1714 a
604 1678 815 1715 maioribus
842 1681 970 1715 terrae
995 1680 1094 1716 illius
1121 1681 1236 1716 valde
1261 1681 1462 1716 iniuriatus
1489 1682 1528 1715 et
1559 1680 1751 1724 spoliatus
1787 1679 1902 1715 bonis
1938 1688 2041 1723 quae

195 1738 231 1773 ei
258 1747 365 1773 mare
390 1737 532 1774 iratum
567 1739 787 1783 reliquerat,
822 1740 964 1776 occisis
999 1740 1118 1782 etiam
1152 1742 1191 1775 et
1229 1740 1437 1784 captivatis
1472 1739 1694 1775 hominibus
1720 1739 1814 1784 suis,
1840 1740 1924 1784 ipse
1951 1748 2039 1774 cum

195 1797 441 1841 paucissimis
468 1798 654 1840 evadens,
674 1808 744 1843 per
769 1802 902 1844 partes
924 1799 1132 1841 Karintiae,
1154 1788 1334 1836 nesciens
1361 1809 1439 1845 quo
1457 1800 1541 1841 iret,
1559 1801 1703 1835 terram
1722 1799 1831 1834 ducis
1857 1798 2041 1834 Austriae

192 1857 380 1902 ignorans
407 1857 610 1903 ingressus
636 1861 732 1895 est.“

223 1910 229 1911 ⁷
334 1914 472 1954 Gesta
511 1918 831 1965 episcoporum
868 1917 1322 1956 Halberstadensium
1360 1917 1470 1963 (ΜΟ.
1508 1917 1588 1959 SS.,
1623 1917 1752 1959 XXIII,
1793 1916 1898 1961 110):
1936 1917 2040 1958 „Rex

116 2014 118 2017 ,
191 1975 330 2022 anlie
356 1986 451 2013 vero
471 1987 558 2013 cum
579 1979 830 2022 postmodum
849 1979 975 2016 redire
994 1979 1128 2019 vellet,
1142 1979 1241 2014 inter
1260 1978 1503 2024 Aquileqiam
1525 1980 1562 2013 et
1584 1977 1769 2013 Venetias
1791 1976 2036 2022 naufragium

191 2045 344 2080 passus,
382 2047 405 2072 a
446 2037 544 2073 duce
581 2037 751 2082 Hustrie‚
790 2049 905 2084 quem
943 2039 1043 2074 idem
1082 2048 1149 2074 rex
1188 2039 1227 2075 in
1265 2039 1439 2083 partibus
1483 2038 1752 2073 transmarinis
1798 2039 2041 2072 tractaverat

191 2095 410 2137 inhoneste,
437 2099 575 2142 captus
603 2100 699 2134 est.“

333 2153 589 2191 chounradi
615 2155 871 2194 Schirensis
897 2156 1100 2194 Annales
1126 2157 1178 2193 ad
1203 2166 1238 2192 a.
1267 2156 1358 2192 1192
1384 2156 1488 2201 (MG.
1515 2156 1595 2198 SS.,
1622 2155 1857 2200 XV11‚631):
1879 2156 2038 2198 „Rima-

191 2214 306 2250 redus
344 2223 412 2250 rex
446 2214 611 2261 anliae
647 2217 695 2252 de
730 2218 982 2260 expeditione
1017 2217 1275 2252 transmarina
1311 2217 1468 2262 navigio
1506 2218 1558 2252 ad
1599 2217 1754 2261 propria
1794 2226 2037 2256 reversurus,

190 2273 435 2320 naufragium
469 2275 508 2311 in
543 2276 637 2310 mari
673 2277 828 2319 pertulit
862 2286 948 2312 cum
982 2286 1105 2312 uxore
1131 2279 1170 2312 et
1204 2277 1331 2318 filiis23
1368 2277 1574 2319 multisque
1601 2277 1714 2311 bonis
1748 2277 1916 2317 amissis,
1950 2285 2039 2311 cum

191 2342 269 2369 uno
307 2336 458 2370 tantum
496 2335 638 2371 cliente
676 2345 801 2381 vagus
839 2335 1029 2372 Viennam
1069 2337 1237 2377 devenit,
1275 2335 1338 2371 ubi
1378 2335 1513 2371 inditio
1554 2335 1663 2371 ducis
1703 2335 1928 2371 Kariathiae
1967 2334 2039 2379 (sc.

191 2392 359 2429 Udalrici
384 2393 437 2435 11.)
462 2387 662 2438 proditus,
698 2403 768 2439 per
803 2396 912 2431 cuius
947 2398 1089 2431 terram
1124 2396 1162 2431 in
1194 2394 1389 2431 Hustriam
1427 2397 1648 2435 transierat,
1674 2405 1696 2430 a
1725 2395 1823 2430 duce
1854 2394 2036 2430 Austriae

191 2451 380 2497 Liupoldo
407 2453 675 2498 deprehensus
702 2455 959 2499 captivatur.⁴¹

330 2511 548 2549 Hnsberti
580 2512 782 2550 Historia
817 2513 874 2551 de
910 2513 1069 2558 exped.
1104 2512 1318 2550 friderici
1351 2514 1457 2559 imp.
1494 2514 1544 2549 ad
1579 2523 1614 2549 a.
1643 2513 1734 2550 1192
1769 2513 1924 2557 (Fontes
1962 2523 2034 2549 rer.

190 2569 331 2614 Rustr„
357 2571 508 2617 Script.,
535 2571 579 2614 V,
605 2573 683 2617 79):
711 2573 814 2615 „Rex
846 2573 983 2619 anlie
1010 2573 1216 2609 Richardus
1237 2600 1245 2609 .
1264 2601 1272 2609 .
1291 2601 1299 2608 .
1325 2574 1562 2618 tandemque
1587 2574 1638 2608 ad
1673 2574 1808 2609 Polam
1836 2574 2031 2609 civitatem

191 2630 316 2676 Ystrie
342 2632 395 2667 ad
419 2632 509 2668 litus
528 2632 650 2668 fertur
675 2635 714 2668 et
739 2634 938 2678 applicare
956 2634 1120 2678 cogitur.
1142 2633 1215 2670 Ubi
1242 2642 1401 2668 uxorem
1429 2636 1467 2669 et
1493 2633 1677 2668 familiam
1703 2633 1852 2669 totam²
1877 2633 2035 2668 incertis

190 2689 302 2726 undis
330 2691 446 2727 maris
474 2691 708 2736 relinquens,
733 2693 818 2737 ipse
845 2702 914 2738 per
939 2693 1075 2728 Forum
1102 2692 1186 2738 Julii
1212 2702 1298 2728 cum
1325 2693 1461 2737 paucis
1484 2694 1530 2727 de
1558 2693 1738 2737 periculis
1761 2693 1876 2728 maris
1897 2701 2034 2737 egres-

190 2757 257 2784 sus
284 2751 323 2784 et
348 2750 449 2786 viam
479 2759 549 2795 per
572 2753 715 2787 terram
741 2761 965 2798 aggressus,
991 2752 1084 2787 licet
1109 2752 1332 2797 incognitus
1353 2762 1440 2788 esse
1468 2753 1641 2796 cupiens,
1661 2762 1684 2787 a
1711 2753 1885 2797 pluribus
1904 2754 2035 2787 tamen

190 2807 372 2853 cognitus
421 2810 460 2845 et
498 2810 535 2845 in
571 2810 633 2845 via
673 2812 755 2847 suis
790 2812 982 2856 aliquibus
1023 2813 1162 2856 captis,
1193 2811 1385 2856 aliquibus
1418 2813 1613 2854 truncatis,
1648 2812 1764 2848 rebus
1800 2812 1918 2847 etiam
1954 2812 2035 2847 suis

194 2867 372 2911 perditis,
398 2868 437 2904 in
461 2867 658 2906 flustriam
685 2871 874 2916 Leupoldi
900 2873 1042 2907 terram
1068 2871 1282 2907 transivit.“

964 2995 1055 3070 st.
1087 3014 1219 3070 818.

336 3107 489 3158 (1192)
523 3106 628 3152 dne
661 3107 746 3154 28.
781 3109 1083 3153 decembra.
1116 3110 1410 3153 Reinhausen.

335 3188 473 3232 Cesar
506 3189 674 3233 Henrik
705 3191 775 3234 VI.
807 3194 1025 3247 naznanja
1067 3193 1378 3236 francoskemu
1422 3194 1560 3246 kraIJu
1604 3193 1754 3248 Filipu,
1789 3194 1845 3236 da
1878 3194 1918 3247 ie
1951 3205 2032 3236 av-

189 3261 351 3315 strijski
399 3261 594 3314 vojvoda
637 3261 837 3318 Leopold
880 3265 963 3318 uiel
1006 3265 1278 3320 angleskeqa
1319 3265 1455 3320 kraIJa
1499 3265 1702 3308 Riharda.
1735 3264 1803 3307 Ko
1837 3277 1886 3307 se
1918 3265 1958 3318 je
1991 3267 2034 3305 ta

333 3353 343 3371 ¹
365 3351 484 3381 Rihard
506 3352 537 3388 je
560 3352 643 3382 se-le
661 3353 687 3382 9.
708 3353 846 3383 oktobra
866 3355 1005 3391 zapustil
1027 3355 1192 3385 Palestino
1218 3356 1249 3384 in
1279 3356 1356 3385 zato
1377 3363 1429 3384 mu
1448 3355 1542 3385 vihar
1562 3363 1693 3385 meseca
1713 3358 1853 3392 av9usta
1875 3356 1906 3384 ni
1927 3354 2033 3391 moqel

189 3398 364 3429 skodovati
385 3407 426 3428 na
447 3400 566 3436 morju.

333 3448 343 3465 ²
364 3446 413 3476 Ko
434 3455 471 3476 se
492 3447 522 3483 je
543 3447 664 3477 Bihard
683 3449 794 3478 vracal
815 3450 900 3485 proti
920 3449 1027 3483 domu,
1052 3457 1094 3486 qa
1114 3451 1186 3479 niso
1207 3451 1382 3487 spremljali
1403 3451 1545 3487 nieqova
1565 3459 1710 3488 soproga
1724 3452 1755 3480 ln
1770 3451 1901 3487 njeqovi
1916 3453 2034 3481 sinovi.
