2306 3724
262 279 333 315 408
1105 271 1162 313 St.
1187 277 1269 314 817.

405 419 572 465 Rogeri
592 419 649 456 de
669 418 892 456 noveden
912 417 1134 456 chronica
1153 418 1257 472 (MG.
1278 399 1359 462 SS.,
1376 420 1519 463 XXVII,
1540 419 1637 464 l58):
1663 421 1732 458 „Et
1752 430 1838 457 cum
1856 421 2109 466 applicuisset

264 489 387 525 prope
414 479 561 515 Gazere
588 480 693 523 apud
717 479 884 524 Raquse,
911 479 1034 515 noluit
1069 479 1252 520 indicare,
1281 480 1386 524 quod
1412 482 1519 516 esset
1545 490 1613 516 rex
1638 479 1788 525 Anglie,
1815 480 1888 516 sed
1912 480 2106 526 peregrini
2163 484 2165 486 ·

263 541 416 582 essent;
443 541 482 575 et
508 539 684 584 quamvis
722 539 807 584 ipse
841 538 1004 574 barbam
1038 539 1201 575 haberet
1228 539 1419 583 prolixam
1447 541 1486 575 et
1512 540 1674 585 capillos
1701 540 1874 585 prolixos
1911 541 1950 575 et
1975 541 2107 575 vestes

263 601 302 634 et
329 600 462 634 cetera
490 598 619 634 omnia
639 599 688 633 ad
709 597 998 634 similitudinem
1018 598 1143 644 gentis
1164 601 1265 634 terre
1285 598 1397 641 illius,
1416 601 1548 635 tamen
1567 599 1685 636 celari
1703 610 1781 636 non
1803 599 1929 644 potuit
1949 600 2110 644 propter

262 659 401 694 nimias
429 667 623 702 expensas
652 667 748 703 quas
775 657 949 693 faciebat
981 660 1116 694 contra
1149 658 1472 695 consuetudinem
1505 660 1605 696 illius
1635 660 1772 704 patrie.
1804 659 1851 695 Et
1876 659 2008 695 statim
2035 658 2108 694 ho·-

263 718 384 754 mines
421 718 519 754 illius
556 718 768 762 provincie,
796 718 1038 754 conicientes
1069 719 1173 754 illum
1207 728 1297 755 esse
1331 729 1462 765 regem
1498 718 1647 765 Anglie,
1681 720 1971 765 proposuerunt
2004 718 2108 754 illum

266 786 408 822 capere
435 779 474 813 et
497 777 760 813 Romanorum
785 777 1010 823 imperatori
1037 779 1192 814 tradere
1210 805 1218 813 .
1242 806 1250 814 .
1270 780 1299 814 .“

403 836 582 873 Ricardi
600 837 937 874 Londoniensis
957 837 1239 874 ItIuerarium
1261 836 1604 884 peregrinorum
1623 837 1727 883 (ΜΟ.
1747 837 1828 880 SS.,
1848 837 1991 873 XXVII.
2009 835 2110 880 218):

266 895 466 941 „Quatuor
483 899 635 932 tantum
654 897 864 942 assumptis
891 898 1022 938 sociis,
1043 900 1291 934 transvectus
1319 900 1379 934 est
1398 898 1437 934 in
1455 897 1717 934 sclavoniam.
1735 897 1827 934 Inde
1845 896 2110 943 pertransiens

261 954 490 1000 Aquileiam,
518 966 605 992 cum
632 957 818 992 intrasset
843 959 985 992 terram
1012 957 1201 1003 Limpoldi
1229 958 1337 994 ducis
1366 958 1535 999 Austrie,
1562 960 1700 1003 captus
1727 959 1788 993 est
1813 957 1852 993 in
1868 956 1992 993 Wena
2012 955 2110 992 civi·
2133 1000 2135 1003 ι

261 1018 341 1051 tate
371 1015 426 1052 13.
452 1015 643 1051 kalendas
671 1016 903 1052 IanuarIas.¹‘

403 1073 619 1111 Willelmi
653 1074 998 1120 Neuburqensis
1033 1073 1233 1112 Historia
1265 1075 1519 1123 Englicana
1556 1075 1667 1121 (ΜΟ.
1701 1075 1781 1118 SS„
1818 1074 1970 1116 XXVII,
2005 1072 2098 1117 240)

264 1134 407 1171 „porro
443 1144 520 1171 rex.
550 1135 640 1170 navi
676 1144 751 1179 qua
787 1135 1003 1171 vehebatur
1042 1135 1398 1172 inclementioribus
1432 1139 1536 1173 auris
1570 1138 1738 1182 arrepta,
1770 1137 1917 1172 tractus
1953 1136 2014 1170 est
2058 1132 2110 1168 ad

261 1196 391 1238 partes
420 1194 561 1230 Histrie
592 1196 711 1239 atque
750 1195 849 1230 inter
882 1194 1099 1240 Aquileiam
1126 1198 1166 1231 et
1190 1195 1394 1232 Venetiam
1430 1197 1674 1242 naufragium
1711 1204 1864 1241 passus,
1890 1203 1982 1240 egre
2015 1201 2104 1229 cum

262 1254 396 1298 paucIs
418 1263 630 1298 equoreum
651 1254 857 1290 discrimen
878 1255 1015 1291 evasit.
1030 1255 1103 1292 Ubi
1122 1257 1317 1301 propriam
1337 1266 1408 1302 pro
1426 1259 1604 1302 tempore
1624 1258 1784 1300 propter
1798 1263 1916 1290 casus
1934 1246 2115 1288 incertos'

260 1313 359 1349 inter
398 1316 552 1348 ceteros
591 1313 804 1359 naufragos
843 1315 976 1350 celans
1015 1324 1235 1360 personam,
1282 1315 1426 1358 didicit,
1461 1325 1594 1361 regem
1631 1315 1845 1361 Anqlorum
1883 1312 2104 1349 hominibus

261 1373 431 1418 rquonis
458 1372 557 1408 illius
585 1373 636 1408 ob
663 1382 799 1408 necem
834 1372 1002 1409 Conradi
1039 1375 1279 1416 marchionis,
1314 1384 1389 1420 que
1415 1376 1489 1420 ipsi
1516 1375 1790 1420 imputabatur,
1817 1381 1906 1409 esse
1937 1372 2102 1408 invisum

262 1442 333 1468 nec
360 1441 479 1478 posse
505 1433 648 1468 ibidem
681 1434 805 1468 tutum
841 1434 986 1469 habere
1012 1434 1240 1479 hospicium.
1261 1434 1385 1479 Quam
1412 1436 1464 1470 ob
1491 1443 1570 1470 rem
1597 1434 1801 1469 imminens
1830 1431 1935 1467 inani
1960 1431 2107 1471 studuit

260 1492 420 1528 illudere
455 1494 607 1528 cautela
643 1493 867 1537 periculum.
902 1493 1000 1529 Nam
1033 1494 1114 1529 cito
1147 1495 1379 1538 percrebuit,
1407 1494 1597 1539 insignem
1636 1493 1867 1538 naufragum
1902 1492 2023 1527 latere
2049 1490 2111 1526 vel

262 1553 445 1588 oberrare
471 1553 508 1588 in
535 1555 638 1588 terra
665 1553 741 1588 illa.
762 1552 860 1589 Mox
888 1553 1084 1589 nobilibus
1110 1554 1223 1589 simul
1243 1555 1282 1588 et
1296 1554 1447 1598 -populo
1468 1553 1519 1588 ad
1538 1552 1812 1598 vestigandum
1834 1560 1922 1588 eum
1941 1550 2111 1592 intentis,

263 1612 422 1656 quidam
449 1621 582 1648 comes
609 1612 840 1648 Mainardus
868 1613 1035 1654 nomine,
1058 1614 1144 1658 ipso
1171 1613 1338 1649 latenter
1363 1623 1431 1658 per
1458 1613 1591 1659 fugam
1616 1613 1766 1657 elapso,
1793 1614 1885 1648 octo
1911 1611 1960 1646 de
1987 1609 2111 1646 comi-

260 1671 364 1708 tibus
392 1671 474 1707 eius
510 1672 814 1716 comprehendit.
842 1672 990 1708 Deinde
1017 1674 1054 1709 in
1089 1673 1427 1718 archiepiscopatu
1462 1672 1715 1718 Salburqensi
1741 1672 1831 1707 loco
1858 1671 1922 1716 qui
1947 1672 2113 1706 vocatur

261 1731 465 1766 Frisarium
491 1741 562 1767 sex
589 1732 637 1767 de
664 1732 873 1768 comitibus
900 1733 983 1769 eius
1010 1742 1032 1768 a
1060 1733 1229 1778 quodam
1258 1733 1463 1769 Frederico
1491 1733 1672 1773 detentis,
1698 1741 1786 1768 cum
1812 1731 1935 1768 tribus
1960 1732 2112 1766 tantum

261 1791 471 1827 comitibus
499 1794 618 1827 noctu
643 1792 695 1827 ad
720 1794 852 1835 partes
879 1791 1062 1842 Austriae
1089 1794 1352 1837 properavit.¹‘

402 1848 581 1886 Radulfi
608 1849 664 1887 de
690 1849 852 1887 Diceto
873 1850 1120 1897 Ymaqines
1146 1850 1437 1888 historiarum
1458 1850 1560 1895 (ΜΟ.
1582 1850 1662 1895 SS.‚
1681 1850 1826 1892 XXVII,
1845 1849 1949 1894 281)=
1971 1849 2109 1892 „Dost-

262 1910 429 1951 modurn.
456 1910 600 1946 relictis
629 1912 780 1956 magnis
815 1912 994 1952 navibus,
1021 1912 1118 1947 duas
1154 1912 1288 1957 galeas
1322 1911 1501 1947 ascendit
1538 1913 1576 1946 et
1602 1910 1789 1955 applicuit
1822 1911 1860 1945 in
1886 1909 2109 1945 Sclavonia.

262 1967 355 2006 Cum
381 1971 512 2006 autem
538 1971 746 2009 transisset
772 1970 984 2006 Veneciam
1019 1973 1058 2007 et
1083 1970 1314 2016 Aquileiam,
1341 1974 1484 2007 terram
1521 1971 1631 2006 ducis
1657 1969 1814 2006 Austrie
1839 1969 2107 2006 subintravit*

402 2028 589 2075 Rigor-di
615 2028 753 2066 Gesta
777 2028 973 2077 Philippi
997 2029 1050 2066 11.
1075 2029 1268 2076 Augusti
1294 2030 1398 2074 (ΜΟ.
1425 2029 1505 2071 SS„
1532 2029 1657 2071 XXVI,
1682 2028 1785 2073 293):
1812 2028 1882 2074 „Et
1907 2037 2013 2064 mare
2048 2029 2108 2063 in-

261 2098 432 2135 9ressus,
459 2091 547 2124 orta
574 2091 820 2133 tempestate,
847 2091 1001 2131 accidit,
1028 2092 1069 2126 ut
1097 2092 1247 2131 ventus,
1275 2091 1386 2135 rapta
1423 2090 1513 2126 navi
1539 2090 1577 2125 in
1604 2099 1680 2134 qua
1707 2089 1792 2134 ipse
1824 2091 1921 2130 erat,
1947 2088 2107 2124 duceret

261 2158 347 2184 eam
379 2158 516 2185 versus
551 2151 683 2192 partes
723 2148 878 2194 Hystrie
913 2150 964 2185 ad
997 2150 1125 2186 locum
1161 2150 1225 2195 qui
1260 2151 1321 2185 est
1355 2150 1455 2185 inter
1489 2149 1706 2195 Aquileiam
1738 2150 1777 2185 et
1802 2147 2007 2184 Venecias.
2034 2147 2108 2184 Ubi

259 2208 361 2244 idem
389 2218 455 2244 rex
483 2209 555 2244 Dei
581 2209 837 2253 permissione
872 2218 1013 2254 passus
1049 2210 1306 2255 nautraqium,
1334 2218 1423 2244 cum
1449 2210 1585 2253 paucis
1616 2210 1756 2245 evasit.
1783 2207 1948 2253 Quidam
1973 2207 2107 2251 itaque

260 2277 394 2303 comes
422 2267 653 2303 Mainardus
680 2268 729 2303 de
756 2267 909 2304 Guorze
935 2271 974 2304 et
1001 2269 1168 2313 populus
1195 2269 1367 2314 regionis
1394 2269 1505 2310 illius,
1526 2269 1662 2305 audito
1689 2268 1795 2312 quod
1821 2268 1859 2303 in
1881 2269 1985 2304 terra
2011 2267 2107 2307 erat,

262 2330 300 2363 et
326 2328 578 2363 considerato
606 2328 840 2373 diligentius,
870 2328 1024 2373 qualem
1045 2328 1268 2364 nominatus
1288 2337 1356 2363 rex
1383 2328 1421 2364 in
1442 2327 1561 2363 Terra
1582 2327 1857 2363 Promissionis
1875 2326 2106 2363 seditionem

261 2388 297 2423 in
336 2387 565 2432 perditionis
604 2397 674 2422 sue
713 2388 906 2423 cumulum
945 2389 1186 2429 exercuerat,
1225 2387 1391 2432 insequti
1430 2389 1521 2423 sunt
1558 2397 1656 2429 eum,
1695 2386 1942 2422 intendentes
1979 2385 2105 2436 ipsum

261 2447 461 2492 captivare
489 2448 625 2482 contra
662 2456 809 2482 morem
843 2447 1015 2483 omnium
1052 2447 1343 2493 peregrinorum
1372 2456 1441 2491 per
1475 2456 1740 2492 quascumque
1773 2448 1898 2481 terras
1931 2444 2106 2480 christia-

262 2516 396 2542 norum
424 2515 562 2541 secure
594 2506 889 2542 transeuntium.
916 2506 1005 2550 Ipso
1037 2509 1167 2542 autem
1201 2516 1294 2552 rege
1326 2507 1364 2542 in
1400 2506 1530 2551 fugam
1568 2515 1695 2547 verso,
1722 2506 1910 2550 ceperunt
1942 2504 1990 2540 de
2024 2503 2105 2539 suis

261 2567 283 2602 8
309 2566 461 2601 militeS.
487 2565 741 2601 Postmodum
776 2576 843 2601 rex
878 2566 971 2601 fecit
1006 2567 1209 2602 transitum
1243 2567 1293 2601 ad
1322 2566 1497 2611 burgum,
1525 2565 1589 2610 qui
1615 2568 1675 2601 est
1706 2566 1744 2601 in
1770 2565 2104 2610 archiepiscopatu

261 2624 573 2670 Salezburqensi,
601 2625 665 2669 qui
690 2627 856 2660 vocatur
883 2624 1097 2668 Frisacum;
1125 2626 1190 2661 ubi
1215 2625 1429 2661 Fridericus
1457 2625 1505 2661 de
1540 2625 1686 2661 Sancta
1719 2624 1872 2666 Sowe1,
1899 2632 1992 2669 rege
2017 2630 2104 2658 cum

261 2686 383 2721 tribus
410 2686 561 2720 tantum
587 2694 725 2720 versus
751 2684 949 2720 Austriam
977 2687 1095 2721 noctu
1121 2687 1369 2730 properante,
1396 2694 1465 2720 sex
1493 2685 1634 2720 milites
1662 2685 1710 2720 de
1736 2685 1816 2720 suis
1844 2683 1984 2729 cepIt.“

402 2743 520 2780 nnn.
546 2743 746 2780 Mai-bac.
780 2745 830 2779 ad
864 2755 898 2780 a.
935 2744 1022 2781 1191
1061 2744 1165 2790 (MG.
1201 2743 1280 2786 SS„
1306 2744 1416 2785 XVII,
1445 2743 1546 2789 165):
1575 2744 1637 2787 „In
1666 2753 1744 2789 quo
1770 2752 1952 2789 regressu
1983 2743 2104 2778 vento

261 2804 482 2848 impellente
509 2803 638 2839 navim
664 2813 802 2839 versus
828 2803 1039 2845 Venetiam,
1066 2804 1213 2840 eiectus
1241 2806 1302 2840 est
1322 2804 1390 2848 (sc.
1410 2814 1478 2840 rex
1497 2803 1651 2849 Anglie)
1668 2812 1756 2840 cum
1783 2802 1987 2848 paucisfid
2012 2802 2102 2837 litus

263 2863 390 2899 maris.
419 2861 542 2906 Quem
575 2864 804 2906 persecutus
832 2873 965 2900 comes
991 2864 1285 2909 Enqelhardus2
1309 2866 1349 2900 et
1375 2874 1460 2900 cum
1482 2873 1530 2900 eo
1557 2873 1686 2909 pugna
1707 2871 1955 2908 congressus,
1975 2859 2103 2897 multis

262 2932 309 2958 ex
344 2924 455 2966 parte
488 2922 591 2966 reqis
629 2922 753 2966 captis
791 2923 853 2958 vel
889 2923 1043 2964 occisis,
1069 2923 1154 2969 ipse
1189 2924 1282 2969 fuga
1315 2924 1448 2968 lapsus
1480 2924 1519 2959 et
1554 2923 1791 2963 vulneratus,
1817 2921 1855 2957 in
1890 2920 2102 2957 Stirensem

263 2981 467 3017 marchiam
494 2981 662 3017 devenit.
687 2981 960 3018 Nichilominus
987 2986 1026 3018 et
1061 2984 1203 3019 ibidem
1239 2984 1439 3019 insecutus
1465 2992 1488 3017 a
1515 2982 1684 3026 quodam
1721 2980 1958 3017 ministeriali
1990 2978 2102 3016 Salz-

262 3041 466 3087 burgensis
493 3041 659 3076 ecclesie
686 3040 879 3077 Friderico
906 3042 954 3077 de
987 3042 1187 3083 Betouwe,
1212 3043 1299 3087 ipse
1331 3042 1485 3087 fuqiens
1513 3041 1708 3077 Austriam
1744 3050 1831 3076 cum
1857 3049 1926 3076 sex
1952 3040 2101 3075 tantum

262 3100 468 3136 comitibus
495 3100 665 3135 intravit.
692 3100 747 3135 Ibi
773 3103 912 3145 captus
947 3101 985 3136 in
1013 3111 1135 3145 parvo
1171 3102 1368 3147 tuguriolo
1395 3110 1518 3146 prope
1544 3101 1748 3136 ,civitatem
1774 3099 1927 3140 Wiene,
1952 3108 1976 3134 a
2001 3099 2102 3134 duce

262 3159 465 3204 Luopoldo
483 3159 521 3194 in
539 3161 671 3195 castro
690 3159 898 3196 DirinsteIn
916 3161 1125 3205 aliquantis
1144 3161 1280 3197 dIebus
1300 3161 1486 3201 reclusus,
1501 3162 1641 3204 postea
1660 3160 1824 3195 traditus
1842 3160 1902 3195 est
1919 3157 2102 3194 Heinrico

262 3219 543 3263 imperatori“.³
2013 3235 2016 3238 >

403 3347 412 3364 ¹
433 3346 573 3379 „Sancta
594 3346 711 3376 Sowe“
733 3347 762 3382 je
783 3347 985 3383 pokvarieno
1006 3349 1055 3376 ter
1074 3348 1105 3376 bi
1125 3348 1250 3377 moralo
1270 3348 1346 3377 stati
1366 3348 1502 3377 Betowe
1517 3348 1561 3383 (π’
1582 3346 1679 3383 Ρῐιιὶ).1

403 3395 412 3412 ²
433 3393 643 3429 Dravzaprav
667 3394 930 3430 „En9elbertus‘⁴.
1306 3397 1312 3401 “

404 3441 415 3458 ³
435 3441 587 3477 Vojvoda
608 3441 752 3477 Leopold
772 3442 802 3477 je
823 3442 935 3471 Izrocil
956 3442 1059 3478 kralja
1080 3442 1219 3471 Riharda
1240 3442 1368 3478 cesarju
1391 3442 1533 3471 Henriku
1554 3443 1616 3471 dne
1643 3442 1684 3471 Ill.
1706 3442 1869 3478 februaria
1888 3442 1952 3470 leta
1973 3441 2050 3470 1195.
