2306 3724
1000 275 1057 319 St.
1079 282 1160 323 2144.
1187 283 1268 318 245.
1987 281 2054 317 137

203 439 410 484 quemdam
432 439 693 475 deliberarent
712 438 952 474 constituere
971 438 1044 474 sibi
1062 438 1217 472 ducem:
1246 435 1384 482 „Nos,“
1403 436 1568 479 aientes,
1596 436 1709 480 „quia
1736 436 1885 480 spernit
1911 436 2058 471 habere

202 498 367 543 plebem.
395 507 620 534 recusemus
647 500 686 533 et
712 507 799 533 eum
829 498 940 542 sequi
967 495 1135 542 regem.“

347 556 522 594 odonis
549 556 606 593 de
625 555 820 602 Deogiio
846 555 980 592 Liber
1006 555 1063 592 de
1082 555 1156 591 via
1183 563 1219 591 s.
1237 553 1462 601 sepulchri
1488 553 1559 590 111.
1587 553 1689 598 (ΜΕ.
1718 553 1798 594 SS.,
1825 554 1952 594 XXVI,
1978 553 2056 596 65):

203 616 336 661 „Venit
369 616 438 661 (sc.
465 614 669 652 Conradus
705 615 788 659 rex)
822 625 918 661 erqo
953 615 1254 654 Nichodemiam,
1293 615 1357 650 ubi
1393 614 1451 650 sui
1486 614 1630 649 oborto
1662 614 1852 649 scandalo
1891 614 2056 649 schisma

202 675 390 712 fecerunt.
418 675 632 719 Imperator
651 675 818 710 tetendit
837 674 1021 715 Iconium,
1048 674 1169 709 frater
1194 675 1325 710 autern
1345 674 1427 709 eius
1447 672 1541 708 Otto
1560 673 1818 718 Frisinqensis
1845 674 2057 718 episcopus

203 737 242 770 et
269 735 422 770 nobiles
449 734 556 769 multi
583 743 670 770 curn
697 743 746 769 eo
774 734 966 769 maritima
992 732 1236 769 tenuerunt.“

1021 883 1045 899 V

1010 904 1100 958 St.
1125 900 1276 954 245.

343 1007 478 1059 1147,
512 1007 617 1052 dne
648 1006 726 1052 16.
747 1006 1060 1052 novembra.
1094 1007 1166 1050 Pri
1200 1007 1438 1061 Laodiceji.

348 1090 416 1134 Ko
450 1103 503 1134 so
536 1092 623 1134 tisti
656 1092 854 1146 kriiarji,
899 1092 1050 1134 katere
1092 1092 1133 1145 je
1178 1091 1299 1134 vodil
1338 1091 1562 1133 freisinSki
1606 1090 1710 1133 §kof
1753 1089 1884 1141 Oton,
1936 1090 2056 1144 pris1i

202 1163 267 1217 pri
302 1162 527 1216 Laodiceji
561 1176 589 1205 ν
622 1166 776 1218 gorate
810 1163 950 1216 kraje,
993 1163 1051 1216 iih
1084 1163 1124 1215 je
1158 1163 1339 1205 ondotni
1387 1160 1537 1217 (qrski)
1584 1161 1872 1216 predstojnik,
1918 1162 2056 1203 kateri

202 1234 245 1276 bi
277 1233 336 1288 jih
370 1234 429 1275 bil
462 1234 601 1276 moral
646 1235 687 1275 iz
733 1234 919 1289 gorovja
962 1234 1147 1287 spraviti
1192 1247 1248 1276 na
1293 1245 1457 1283 ravno,
1503 1245 1563 1287 po
1609 1233 1872 1286 brezpotnih
1917 1232 2056 1286 krajih

201 1305 399 1359 pripeljal
434 1317 463 1347 v
494 1305 648 1347 tursko
681 1304 866 1347 zasedo.
899 1304 966 1347 Tu
1001 1317 1053 1347 so
1086 1305 1145 1359 jih
1166 1304 1302 1347 Turki
1335 1304 1513 1358 napadli
1540 1304 1598 1347 od
1626 1304 1819 1358 spredaj,
1842 1303 1901 1346 od
1924 1303 2055 1356 zadaj

201 1376 243 1418 in
275 1388 301 1418 z
335 1377 534 1419 visocme
567 1380 632 1419 ter
663 1376 722 1431 jih
755 1377 860 1419 tako
893 1377 1043 1419 veliko
1076 1376 1226 1430 pobili.
1260 1375 1383 1418 Kdor
1416 1377 1456 1429 je
1490 1375 1650 1430 moqel,
1683 1375 1724 1429 je
1749 1374 1913 1428 skrivaj
1948 1375 2057 1417 usel.

202 1445 308 1490 Grki
340 1447 382 1489 in
415 1447 550 1490 Turki
583 1459 636 1490 so
670 1448 707 1490 si
741 1450 845 1490 nato
879 1447 980 1490 med
1014 1447 1140 1500 seboj
1175 1447 1373 1489 razdelili
1406 1447 1519 1501 plen.
1562 1447 1668 1489 Med
1702 1446 1891 1489 mrtvimi
1923 1446 1964 1499 je
1998 1445 2056 1487 bil

201 1518 294 1560 tudi
338 1519 590 1561 koroski
623 1518 757 1573 qrof
789 1518 1069 1561 Bernard.
1113 1518 1176 1561 Za
1219 1518 1378 1561 dedica
1422 1518 1568 1573 svojih
1612 1521 1828 1572 posestev
1868 1518 1909 1571 je
1954 1516 2056 1572 qrof

202 1588 397 1631 Bernard
432 1589 595 1632 dolocil
628 1590 905 1645 stajerskeqa
939 1589 1143 1645 mejneqa
1175 1589 1305 1644 qrofa
1338 1588 1554 1643 Otokarja
1587 1589 1634 1632 V.

343 1669 593 1714 Gethohus,
620 1671 689 1707 De
723 1670 1082 1717 investigatione
1109 1669 1358 1707 antichristi
1383 1670 1487 1715 (ΜΟ.
1513 1670 1648 1707 Libelli
1676 1671 1724 1706 de
1755 1672 1833 1712 lite,
1868 1669 1924 1710 ΙΙΙ,
1950 1668 2058 1711 576)ε

202 1728 322 1773 „Nam
348 1739 435 1766 cum
461 1731 512 1766 ad
539 1730 626 1766 loca
649 1730 836 1766 montium
862 1731 1091 1776 angustiora
1119 1730 1383 1771 devenissent,
1410 1731 1486 1766 illic
1500 1730 1613 1766 Turci
1640 1730 1844 1775 dispositis
1870 1731 1990 1765 armis
2017 1732 2058 1765 et

199 1791 360 1825 armatis
387 1799 475 1825 cum
502 1792 612 1834 parte
639 1790 835 1826 exercitus
861 1792 999 1834 aperta
1027 1799 1143 1826 manu
1168 1790 1372 1835 congressi
1399 1792 1505 1831 sunt;
1538 1799 1638 1834 quos
1665 1790 1783 1825 etiam
1804 1799 1826 1825 a
1850 1789 1952 1824 facie
1973 1791 2012 1824 et
2032 1798 2055 1824 a

200 1851 313 1894 tergo
340 1851 460 1894 atque
486 1859 508 1884 a
536 1850 710 1894 scopulis
737 1849 906 1893 desuper
932 1850 1209 1895 impugnantes
1237 1859 1285 1885 ex
1313 1850 1368 1885 eis
1396 1850 1604 1885 maximam
1631 1849 1914 1885 multitudinem
1940 1857 2056 1892 pere·-

201 1910 362 1948 metunt.
391 1909 456 1944 ubi
483 1910 523 1944 et
552 1918 686 1944 comes
714 1908 913 1944 Kariathie
940 1908 1188 1944 Barnhardus
1215 1909 1430 1944 occubuit.
1449 1936 1458 1943 .
1477 1907 1509 1942 .“

344 1965 519 2004 odonis
547 1967 604 2004 de
629 1968 824 2014 Deoqilo
851 1967 984 2004 Liber
1011 1967 1067 2005 de
1088 1968 1163 2004 via
1189 1977 1224 2004 s.
1247 1967 1471 2014 sepulchri
1496 1967 1569 2004 VI.
1597 1967 1700 2012 (md.
1716 1966 1797 2008 SS.,
1825 1967 1953 2008 XXVI,
1981 1966 2056 2010 71):

202 2026 294 2070 „Hic
314 2026 382 2070 (sc.
399 2028 504 2072 apud
523 2027 799 2071 Laodicaeam)
820 2037 907 2063 cum
928 2028 1165 2073 Frisinqensi
1185 2028 1376 2072 episcopo
1396 2027 1514 2063 fratre
1533 2028 1782 2072 imperatoris
1801 2027 1899 2062 alius
1920 2035 2055 2062 comes

200 2086 375 2122 eiusdem
410 2088 578 2122 nominis
611 2086 679 2130 (sc.
706 2087 942 2131 Bernardus)
977 2089 1016 2122 et
1050 2087 1207 2123 fortuna
1242 2088 1356 2122 simili
1392 2087 1615 2131 proditione
1650 2086 1807 2122 interiit.
1841 2086 1926 2121 Dux
1953 2086 2056 2121 enim

201 2145 313 2181 huius
334 2146 451 2186 urbis,
478 2155 566 2182 cum
587 2146 748 2182 deberet
767 2147 854 2182 illos
881 2147 1050 2182 educere
1077 2147 1124 2182 de
1158 2147 1365 2187 montanis.
1393 2156 1462 2191 per
1487 2147 1574 2182 loca
1603 2146 1706 2181 invia
1734 2145 1964 2191 superduxit
1986 2154 2056 2180 eos

122 2207 128 2214 '
200 2204 412 2240 Turcorum
432 2205 594 2246 insidiis,
620 2206 685 2240 ubi
705 2207 850 2241 comite
869 2207 1004 2242 occiso
1022 2215 1110 2241 cum
1131 2206 1316 2250 pluribus,
1338 2207 1402 2250 qui
1421 2207 1633 2250 potuerunt
1653 2205 1834 2245 evadere,
1861 2205 2055 2240 latitando

200 2264 412 2310 fugierunt;
442 2265 519 2300 dux
546 2268 678 2300 autem
704 2268 744 2300 et
771 2264 883 2301 Greci
912 2275 1011 2310 quos
1038 2266 1215 2306 duxerat,
1243 2275 1330 2301 cum
1356 2265 1491 2301 Turcis
1518 2265 1644 2309 spolia
1672 2263 1920 2300 diviserunt.“

342 2322 521 2360 Necrol.
541 2333 578 2360 s.
597 2323 816 2361 Rudberti
843 2323 1088 2370 salisburg.
1110 2325 1161 2359 ad
1189 2324 1244 2360 16.
1266 2324 1340 2360 kal.
1367 2324 1459 2360 Dec.
1488 2339 1529 2352 z
1560 2324 1614 2359 16.
1642 2333 1732 2359 nov.
1759 2322 1864 2366 (ΜΟ.
1891 2322 2056 2362 Necrol.‚

201 2382 240 2425 11,
271 2382 369 2426 185):
398 2384 668 2427 „Bernhardus
695 2383 818 2420 com.“

342 2440 521 2479 Necrol.
547 2442 760 2479 admunt.
796 2444 846 2479 ad
891 2443 945 2480 16.
973 2443 1048 2479 kal.
1075 2443 1167 2479 Dec.
1217 2458 1256 2471 z
1310 2443 1365 2479 16.
1401 2453 1490 2478 nov.
1526 2441 1630 2486 (ΜΟ.
1664 2442 1828 2483 Necrol.‚
1875 2442 1916 2482 11,
1954 2441 2055 2484 306J:

202 2501 414 2545 „Dernhart
440 2502 563 2538 com.“

344 2559 520 2598 Neci-ol.
538 2559 768 2598 Gurcense
794 2562 846 2597 ad
873 2562 928 2598 16.
944 2562 1019 2598 kal.
1033 2562 1125 2597 Dec.
1142 2577 1183 2590 =
1204 2561 1258 2598 16.
1278 2571 1368 2597 nov.
1395 2560 1500 2605 (MG.
1517 2561 1684 2602 Necrol.‚
1711 2560 1754 2602 ΙΙ,
1778 2560 1879 2603 454);
1909 2561 2055 2605 „Bern-

200 2620 344 2656 hardus
371 2630 471 2656 com.
498 2623 537 2656 et
561 2621 627 2656 alii
654 2621 912 2667 Jerosolimite
940 2622 1061 2656 occisi
1088 2619 1174 2656 ob.“

286 2719 291 2724 ,
343 2678 622 2727 Genealoqia
653 2679 956 2716 marchionum
989 2681 1047 2717 de
1079 2679 1197 2716 Stire
1224 2679 1329 2724 (ΜΟ.
1355 2679 1436 2720 SS.,
1470 2680 1596 2722 XXIV,
1630 2679 1706 2723 72)·
1735 2678 1927 2725 ,,Οῐεᾱιμι·
1954 2679 2055 2723 patri

200 2748 273 2774 suo
301 2739 367 2781 (sc.
396 2739 600 2784 Liupoldo)
627 2740 876 2776 confortatus
903 2743 942 2775 et
969 2740 1147 2775 elevatus
1175 2741 1251 2780 est;
1287 2749 1376 2775 nam
1404 2741 1534 2784 preter
1567 2739 1642 2774 alia
1670 2739 1779 2783 plura
1806 2739 1921 2774 trium
1948 2738 2055 2782 prin—

201 2798 329 2843 cipum
350 2799 496 2843 predia,
524 2799 766 2835 municiones
786 2808 833 2834 ac
854 2799 1127 2835 ministeriales
1154 2799 1190 2834 ei
1217 2808 1286 2843 per
1305 2801 1581 2834 testamentum
1607 2799 1878 2839 accreverunt,
1907 2797 2057 2833 scilicet

201 2855 357 2892 Ottonis
393 2858 546 2893 comitis
580 2858 628 2893 de
663 2858 787 2904 Naum
819 2861 858 2893 et
884 2858 1096 2894 Bernhardi
1132 2858 1287 2894 comitis
1315 2858 1363 2893 de
1390 2858 1617 2903 Karinthya,
1653 2858 1717 2902 qui
1744 2858 1904 2892 amitam
1933 2857 2055 2901 ipsius

202 2915 506 2962 chunegundem
533 2918 571 2952 in
598 2918 782 2963 coniugio
809 2918 981 2953 habebat
1002 2945 1010 2953 .
1031 2945 1040 2953 .
1062 2916 1092 2952 .“

343 2975 448 3022 lans
467 2975 685 3019 Enenkel,
710 2975 1020 3013 Ffirstenbuch
1037 2985 1130 3013 von
1152 2964 1411 3012 Osterreich
1437 2975 1529 3012 und
1555 2975 1704 3012 Steier
1722 2976 1746 3011 k
1771 2976 1851 3011 letu
1871 2985 1925 3019 ‚‚c.
1941 2973 2054 3011 1145“

201 3033 306 3078 (ΜΟ.
324 3034 515 3070 Β9υ15ώ9
542 3034 773 3076 Chroniken,
801 3035 856 3080 ΙΙΙ,
885 3036 986 3080 708):
1014 3036 1113 3080 „Der
1140 3045 1260 3080 orave
1286 3035 1474 3071 pernhart
1492 3045 1571 3071 von
1592 3035 1799 3080 Marpurch
1827 3035 1895 3070 der
1921 3035 2056 3080 dinqet

202 3093 290 3129 dem
317 3094 594 3139 marchqraven
613 3092 778 3130 otacker
797 3105 875 3131 von
901 3095 1018 3141 Stegr
1043 3096 1117 3130 daz
1143 3095 1215 3130 hus
1234 3095 1507 3139 zemarpurch
1535 3097 1603 3130 unt
1630 3095 1705 3130 den
1725 3095 1867 3130 mardit
1894 3097 1963 3130 unt
1982 3094 2055 3129 daz

202 3153 272 3188 dar
296 3162 343 3188 zu
371 3153 526 3198 gehon-n
554 3162 596 3188 er
627 3154 762 3199 din9et
788 3156 834 3190 im
855 3155 983 3200 Tuver
1009 3156 1078 3190 unt
1106 3140 1208 3190 Si⁶tss
1237 3154 1309 3189 daz
1336 3154 1518 3189 chloster¹
1544 3156 1613 3190 unt
1641 3153 1836 3200 Geurowe
1859 3156 1928 3189 unt
1955 3154 2054 3188 aliez

202 3212 275 3247 daz
302 3212 372 3247 dar
396 3221 444 3247 zu
463 3212 602 3257 gehort
629 3215 719 3248 untz
744 3222 795 3249 an
814 3213 883 3249 des
905 3214 1216 3258 erzepischolffes
1238 3213 1442 3258 qemerche
1460 3223 1539 3249 von
1561 3210 1780 3258 Salzpurch.
1808 3213 1891 3248 Den
1918 3213 2054 3248 selben

203 3280 349 3316 §raven
376 3271 565 3306 pernhart
601 3272 791 3316 gehorten
825 3282 875 3308 an
902 3273 986 3308 dise
1013 3273 1253 3308 dienstman:
1288 3273 1325 3307 di
1351 3271 1560 3313 Treunaer‚
1595 3272 1658 3308 die
1684 3282 1763 3308 von
1791 3271 2055 3316 Chendinqen,

203 3330 240 3364 di
266 3339 345 3365 von
372 3329 638 3372 Leuvenbach,
665 3331 727 3366 die
754 3341 831 3367 von
858 3331 1066 3376 marpurch
1093 3334 1161 3367 unt
1187 3332 1262 3367 alle
1288 3331 1555 3367 Truhssiner.“

346 3435 355 3452 ¹
376 3433 553 3463 Samostan
573 3441 593 3462 v
613 3430 714 3464 Zicah
735 3435 765 3471 je
785 3435 827 3464 bil
848 3436 916 3465 sele
937 3436 1001 3464 leta
1023 3436 1100 3464 1165.
1121 3437 1336 3472 ustanovljen.
1357 3436 1415 3472 (Gi.
1430 3437 1469 3465 st.
1483 3436 1555 3471 l¹79.)
