2306 3724
996 262 1052 306 St.
1077 269 1158 310 800,
1183 269 1263 306 801.
1973 267 2042 304 397

207 417 317 468 cani,
351 416 407 458 da
452 415 609 470 hocejo
654 429 676 458 s
709 414 880 458 Piranci
921 427 950 455 ν
982 415 1090 456 miru
1122 414 1267 457 Ziveti.
1308 413 1410 457 Ako
1444 414 1485 456 bi
1519 414 1605 456 kak
1651 413 1834 456 Diranec
1866 412 2043 454 razialil

207 487 382 543 kakeqa
414 487 670 542 spletskeqa
703 486 958 541 prebivalca
990 489 1054 528 ter
1086 485 1128 527 bi
1161 489 1204 528 ta
1238 485 1370 540 prisel
1402 498 1431 529 ν
1463 485 1593 528 Dii-an
1625 489 1689 528 ter
1713 498 1762 528 se
1791 488 1835 528 tu
1859 485 2044 539 pritoiiL

208 559 277 613 naj
311 571 361 602 se
394 559 539 614 prepir
582 558 761 601 razsodi
803 571 832 601 ν
865 557 1098 613 peinaistih
1143 557 1258 600 dneh
1291 558 1409 609 tako,
1453 557 1592 601 kakor
1635 557 1676 612 ie
1708 560 1753 600 to
1786 557 1851 612 pri
1882 557 1969 611 njih
2003 554 2046 610 (v

209 627 378 685 Spletu)
410 643 439 673 ν
470 631 644 673 navadi.

350 707 474 763 „Ego
508 706 724 751 Amastris
768 707 966 751 notarius
1005 708 1049 750 in
1093 706 1291 762 predicto
1333 709 1478 750 castro
1522 706 1677 750 Pirani
1706 707 1818 750 hanc
1844 706 2047 761 pacionis

211 779 422 823 cartalam
454 790 586 822 manu
618 790 716 823 mea
742 780 928 835 propria
958 779 1118 834 scripsi
1147 780 1189 822 et
1218 777 1458 822 roboravi.“

349 857 618 912 „Imperante
649 856 826 902 domino
858 859 1007 901 nostro
1048 857 1238 900 Henrica
1272 857 1544 911 imperatore,
1588 842 1948 900 anno‘dominice
1981 856 2047 899 in-

209 929 478 972 carnationis
508 928 734 972 millesimo
768 929 998 972 centesimo
1030 928 1319 984 nonagesimo
1349 927 1554 980 secundo,
1586 927 1656 971 die
1687 931 1842 983 quarto
1870 931 2051 972 exeunte

211 1010 358 1043 mense
370 998 543 1055 Aprilis,
564 999 797 1051 indictione
810 999 991 1053 decima,
1011 1002 1155 1044 actam
1172 1000 1214 1043 in
1230 1002 1375 1043 castro
1388 999 1543 1043 Pirani
1558 1000 1600 1043 in
1612 999 1791 1055 publica
1809 997 2056 1044 concione.“

353 1086 624 1133 [Transsumpt
651 1098 677 1124 v
701 1088 819 1124 listini
844 1099 866 1123 z
892 1088 968 1124 dne
996 1087 1050 1124 18.
1077 1087 1180 1134 julija
1201 1087 1302 1124 1270.
1332 1108 1372 1114 -
1401 1087 1658 1128 Kandler.
1687 1086 1830 1124 Codice
1857 1088 1946 1133 dipl.
1969 1088 2052 1126 Istr.

210 1147 261 1182 ad
286 1155 321 1183 a.
345 1147 447 1184 1192.
474 1167 518 1172 —
543 1147 570 1184 S
587 1147 864 1189 mieiklas,
891 1147 985 1184 Cod.
1011 1147 1101 1194 dipl.
1128 1147 1270 1189 creat„
1297 1148 1336 1189 11,
1363 1148 1444 1188 255,
1471 1149 1518 1184 st.
1543 1146 1640 1192 239]

999 1335 1086 1407 st.
1108 1351 1251 1406 801.

355 1422 484 1473 1192,
519 1421 624 1467 dne
657 1423 700 1466 8.
721 1422 873 1480 maja.

356 1517 522 1561 Takrat
552 1519 593 1574 je
626 1519 734 1562 umrl
767 1516 967 1572 stajerski
1001 1504 1199 1572 voivoda
1232 1517 1401 1562 Otokar
1433 1515 1533 1573 (VI.)
1565 1522 1630 1562 ter
1661 1519 1863 1573 zapustil,
1906 1520 1983 1562 ker
2013 1519 2054 1574 je

218 1590 276 1632 bil
308 1591 414 1634 brez
447 1592 588 1642 otrok‚
634 1591 764 1644 svojo
796 1591 957 1644 zemljo
989 1590 1299 1643 avstrijskemu
1333 1589 1529 1644 vojvodu
1564 1589 1794 1644 Leopoldu
1828 1590 1878 1633 V.
1916 1590 1983 1634 Ta
2014 1591 2054 1645 je

217 1665 320 1705 nato
363 1663 449 1706 dne
480 1662 549 1706 24.
570 1662 684 1717 maja
717 1675 747 1706 v
777 1661 991 1704 Wormsu
1024 1661 1144 1704 dobil
1178 1653 1406 1716 Stajersko
1440 1674 1469 1704 ν
1500 1660 1607 1704 fevd
1641 1662 1698 1704 od
1714 1663 1900 1730 ffesarja
1933 1662 2054 1706 Hen-

216 1733 309 1776 rika
342 1732 413 1777 VI.

357 1824 613 1864 chronicon
637 1826 794 1874 magni
812 1826 1056 1874 presbiteri
1074 1828 1124 1863 ad
1145 1837 1180 1864 a.
1203 1827 1294 1864 1192
1314 1826 1416 1872 (ΜΟ.
1435 1826 1515 1870 SS.,
1534 1826 1644 1869 XVII.
1664 1826 1763 1872 519):
1787 1827 1897 1874 „Ipso
1918 1828 2056 1864 eodem

216 1895 321 1926 anno
348 1890 522 1925 mortuus
548 1887 619 1924 fuit
645 1888 723 1924 dux
749 1887 932 1924 Stirensis
959 1886 1108 1924 Otakar
1133 1889 1298 1932 nomine,
1327 1888 1391 1933 qui
1417 1890 1533 1924 antea
1562 1887 1763 1924 dicebatur
1789 1888 1960 1924 marchio
1978 1888 2058 1925 Sti-

218 1947 355 1988 rensis,
380 1949 420 1982 et
446 1947 537 1992 quia
563 1947 746 1984 heredem
772 1959 850 1984 non
877 1948 1059 1989 habebat,
1086 1948 1163 1983 dux
1189 1947 1371 1984 nustriae
1397 1947 1609 1993 Liupoldus
1636 1948 1828 1984 successit
1854 1949 1900 1990 ei,
1927 1951 1966 1984 et
1988 1958 2057 1984 ac-

217 2005 322 2051 cepit
354 2007 518 2043 eundem
552 2007 734 2044 ducatum
763 2008 810 2043 de
837 2017 952 2043 manu
987 2007 1232 2053 imperatoris
1266 2007 1380 2043 valde
1406 2007 1645 2043 sollemniter
1670 2008 1774 2052 apud
1798 2007 2056 2044 Warmaciam

217 2065 256 2101 in
282 2067 460 2111 proximo
489 2069 759 2112 pentecosten,
786 2067 892 2113 quod
917 2069 1103 2104 evenerat
1129 2069 1222 2103 tunc
1248 2067 1285 2102 in
1312 2067 1346 2103 9.
1366 2066 1448 2102 Kal.
1469 2066 1599 2112 1υηίῑέ

359 2131 580 2169 ansberti
609 2131 810 2170 Historia
836 2132 893 2170 de
919 2132 1083 2179 exped.
1101 2131 1316 2169 friderici
1340 2131 1444 2179 imp.
1481 2132 1636 2177 (Fontes
1663 2142 1734 2168 rer.
1754 2132 1892 2174 Hustr„
1919 2131 2060 2179 Script.

219 2190 264 2231 V,
290 2190 367 2235 79):
396 2191 503 2236 „Dux
529 2202 624 2228 vero
650 2192 861 2237 Liupoldus
887 2185 1065 2237 sequenti
1091 2202 1196 2228 anno
1218 2194 1309 2238 post
1330 2192 1494 2228 reditum
1513 2202 1624 2228 suum
1645 2193 1826 2229 ducatum
1847 2193 2058 2229 Stirensem

221 2252 374 2287 mortuo
401 2254 548 2297 nepote
573 2261 645 2288 suo
672 2251 881 2294 Otacharo,
921 2253 984 2297 qui
1017 2253 1052 2288 ei
1078 2252 1163 2288 sine
1189 2252 1331 2287 herede
1359 2252 1538 2287 morienti
1563 2254 1706 2288 terram
1733 2262 1864 2288 coram
1891 2253 2058 2298 impera-

220 2313 305 2347 tore
339 2310 533 2347 Friderico
566 2313 638 2348 sub
664 2314 902 2348 testamento
929 2312 1160 2358 assignarat,
1197 2314 1288 2357 post
1314 2311 1457 2347 multos
1484 2312 1639 2348 labores
1665 2314 1839 2357 suscepit
1865 2314 1904 2349 et
1929 2322 1950 2348 a
1978 2313 2059 2349 filio

222 2380 295 2406 suo
322 2371 555 2416 imperatore
581 2371 760 2408 Heinrico
786 2371 1011 2408 Wormacie
1036 2374 1116 2407 tam
1143 2372 1226 2416 ipse
1253 2381 1368 2417 quam
1392 2371 1493 2407 filius
1514 2380 1608 2408 suus
1626 2371 1838 2408 Fridericus
1865 2373 2060 2408 excellen-

221 2429 368 2466 tissime
395 2432 566 2467 investiti
591 2431 716 2468 sunt.“

364 2494 541 2534 contin.
560 2496 770 2534 Admunt.
788 2498 840 2534 ad
859 2508 893 2534 a.
915 2497 1006 2534 1192
1026 2497 1129 2542 (ΜΟ.
1149 2496 1228 2542 SS.,
1249 2497 1308 2539 IX,
1327 2496 1429 2542 587):
1452 2495 1644 2540 „Otacher
1662 2497 1738 2533 dux
1759 2496 1896 2533 Stiriae
1911 2498 2060 2543 absque

224 2554 354 2592 liberis
380 2557 588 2599 decedens,
627 2557 854 2603 Liupoldum
881 2558 1019 2594 ducem
1043 2557 1228 2594 Austriae
1254 2559 1382 2593 terrae
1408 2567 1504 2593 suae
1529 2566 1577 2593 ac
1602 2556 1835 2602 patrimonii,
1861 2566 1909 2592 ex
1936 2559 2061 2593 testa-

227 2617 356 2653 mento
381 2617 563 2654 heredem
589 2618 694 2663 prius
720 2617 949 2659 institutum,
975 2627 1245 2654 successorem
1271 2617 1456 2662 reliquit.“

367 2680 544 2720 contin.
574 2681 1003 2729 claustroneoburq.
1030 2681 1233 2720 secunda
1263 2683 1314 2718 ad
1345 2692 1380 2719 a.
1407 2682 1509 2724 1192,
1537 2681 1630 2718 Cod.
1650 2681 1754 2719 Scot.
1783 2681 1882 2726 (MG.
1903 2682 1982 2724 SS.,
2003 2682 2061 2724 IX,
2118 2659 2122 2662 ²
2170 2693 2176 2700 ’

227 2739 349 2785 1192):
377 2741 482 2784 ¹‚Dux
508 2742 692 2779 Stirensis
717 2741 914 2780 Otakarus
941 2743 1049 2780 obiit.
1075 2742 1189 2779 Cuius
1216 2742 1471 2779 hereditatem
1498 2743 1575 2778 dux
1600 2742 1754 2779 Austrie
1781 2743 1989 2788 Liupoldus
2015 2743 2062 2778 de

228 2809 343 2836 manu
369 2801 612 2848 imperatoris
638 2803 905 2848 sollempniter
928 2803 1135 2848 suscepit.¹¹

368 2864 607 2905 annalium
631 2867 877 2915 salisburg.
899 2867 1107 2904 additam.
1134 2867 1237 2912 (ΜΟ.
1258 2867 1337 2909 SS.,
1356 2866 1446 2910 XIII,
1466 2867 1566 2911 238):
1589 2866 1762 2910 „Odacer
1783 2867 1858 2903 dux
1880 2866 2062 2903 Stirensis

228 2924 335 2966 obiit,
361 2926 470 2962 cuius
494 2928 598 2963 terra
625 2928 831 2974 Liutpoldo
857 2927 1011 2964 Bustrie
1038 2929 1189 2964 cessit.“

371 2989 545 3028 contin.
565 2990 708 3030 Garst.
729 2980 780 3029 ad
805 3003 840 3030 a.
860 2993 946 3030 1191
978 2992 1079 3036 [ΜΕ.
1098 2993 1180 3035 SS.,
1205 2992 1264 3034 IX,
1290 2993 1392 3037 59²0:
1422 2991 1612 3035 „Otacher
1638 2993 1715 3028 dux
1741 2991 1842 3029 Stire
1868 2993 1997 3029 obiit.“

369 3057 462 3093 lbid.
479 3058 530 3093 ad
555 3068 592 3094 a.
613 3058 704 3096 1192
730 3059 765 3103 (l.
784 3058 855 3103 c.):
882 3057 1076 3104 „Otacher
1102 3058 1150 3094 de
1176 3058 1291 3104 Styra
1319 3059 1447 3094 obiit.“

370 3122 613 3160 Hermanni
638 3122 901 3161 Eltahensis
927 3123 1130 3161 Annales
1156 3124 1206 3160 ad
1231 3134 1266 3160 a.
1287 3123 1373 3160 1181
1398 3123 1502 3168 (ΜΟ.
1523 3122 1602 3164 SS.,
1622 3123 1730 3165 XVII,
1749 3123 1851 3167 3818:
1873 3122 2064 3167 „Otacher

231 3183 306 3218 dux
333 3181 462 3229 Styrie
489 3183 618 3219 obiit.“

371 3246 549 3285 neci-01.
571 3246 613 3284 S.
631 3247 858 3284 Lamberti
895 3249 946 3284 ad
970 3249 1005 3284 8.
1024 3249 1074 3284 id.
1094 3249 1188 3284 Maii
1221 3263 1259 3276 Ξ
1287 3249 1318 3284 8,
1341 3250 1439 3294 maja
1476 3247 1576 3291 (mo.
1598 3247 1719 3289 Necr„
1747 3248 1787 3289 11,
1813 3247 1916 3291 3210:
1945 3233 2067 3290 „ota-'

231 3307 322 3343 cher
348 3308 424 3344 dux
450 3308 635 3344 Stirensis
663 3307 768 3343 dedit
794 3308 1002 3352 predium.“

373 3372 549 3410 Necrol.
576 3372 787 3410 Admunt.
810 3373 860 3408 ad
885 3373 919 3409 8.
940 3374 988 3409 id.
1009 3374 1104 3409 Maii
1135 3389 1173 3401 :z
1202 3374 1235 3409 8.
1259 3374 1356 3419 maja
1393 3372 1495 3418 (ΜΕ.
1514 3373 1635 3413 Necr.,
1671 3372 1839 3416 11,.296):
1875 3371 2065 3414 „Otacher

233 3433 309 3468 dux
337 3433 383 3468 de
411 3433 520 3469 Stir.“
