2306 3724
1116 277 1174 321 St.
1195 286 1250 326 12,
1278 285 1333 322 15.

293 429 430 482 pravi,
463 428 519 470 da
547 428 616 482 naj
646 428 745 480 tisti,
778 428 890 470 kdor
913 428 955 469 bi
989 429 1189 482 prelomil
1211 432 1256 471 to
1280 429 1463 483 daritev‚
1495 430 1622 483 placa
1649 433 1883 473 recenemu
1906 430 2143 473 FranCisku

292 499 347 541 ali
382 511 438 552 pa
470 499 694 554 njegovim
727 499 1034 542 naslednikom
1068 501 1197 543 deset
1228 501 1337 543 iiber
1368 501 1646 556 najboijsega
1678 502 1807 545 zlata.

433 569 543 612 Med
560 570 746 624 drugimi
760 570 801 624 je
818 570 874 611 bil
892 570 983 612 tudi
1002 574 1234 614 navzocen
1251 571 1573 627 „Engellardus
1590 573 1778 627 episcop.
1795 573 1983 616 civitatis
1999 573 2142 617 Pole“.

431 640 689 696 „Regnante
709 640 885 684 domino
908 644 1057 685 nostro
1078 641 1269 685 Henrico
1287 653 1370 685 ser.
1394 643 1668 697 imperatore,
1690 656 1808 687 anno
1830 645 2145 688 incarnationis

292 712 458 755 domini
498 713 638 755 nostri
655 711 765 769 Jesu
799 710 966 756 Christi
1006 712 1235 757 millesimo
1278 716 1511 757 centesimo
1548 717 1687 767 sexto,
1718 715 1953 759 indictione
1985 719 2145 770 quarta

292 782 473 834 decimo,
505 783 576 827 die
605 785 731 826 sexto
764 785 927 826 mensis
947 784 1072 826 Maii.
1100 783 1254 828 Actum
1288 785 1331 827 in
1363 784 1466 828 villa
1486 783 1688 841 Humogi
1717 786 1904 829 diocesis
1925 786 2144 830 Emonie“.

436 852 599 897 [Carli,
632 853 740 890 Delie
774 853 960 889 antichita
989 853 1159 898 ltaliam,
1186 854 1249 895 1v,
1279 854 1380 900 pr.
1406 864 1442 900 p.
1466 855 1524 892 23.
1553 874 1594 880 —
1622 854 1840 896 Schumi,
1873 855 1963 893 Urk.
1983 865 2020 891 u.
2037 855 2145 902 Reg„

291 912 313 956 Ι,
343 913 399 954 76,
428 915 473 949 st.
492 912 564 957 68.]

435 1066 601 1124 (1106.
635 1065 875 1124 poletje.)
1117 1009 1207 1062 81⁰
1230 1010 1323 1063 ¹3⁰

435 1151 712 1195 Bamberska
738 1153 902 1195 cerkev
927 1153 968 1206 je
1001 1153 1195 1208 izgubila
1228 1152 1688 1196 Dodklosterski
1723 1154 1864 1209 grad
1891 1167 1920 1197 ν
1944 1153 2142 1209 Ogteiski

292 1223 529 1277 patriarhiji
562 1224 603 1265 in
637 1234 694 1277 pa
727 1222 786 1266 95
813 1224 959 1277 kmetij
987 1236 1013 1265 z
1035 1224 1177 1266 vsemi
1210 1225 1514 1278 priteklinami.
1546 1224 1638 1267 Vse
1671 1228 1717 1267 to
1750 1226 1790 1278 je
1821 1224 1880 1267 45
1907 1225 1963 1267 let
1997 1226 2143 1268 ostalo

291 1306 319 1336 v
351 1294 455 1347 tujih
489 1294 640 1337 rokah.
684 1294 725 1336 A
758 1295 843 1338 leta
880 1294 1004 1338 1106.
1036 1295 1076 1349 je
1110 1296 1364 1338 bamberski
1398 1295 1504 1339 skof
1536 1295 1668 1347 Oton,
1715 1297 1772 1339 ko
1811 1297 1851 1350 je
1883 1297 2066 1350 potovai
2101 1298 2143 1338 iz

291 1364 425 1419 ItaliJe
464 1369 566 1408 crez
601 1365 808 1414 Korosko
842 1379 871 1409 v
904 1365 1072 1418 Rezno,
1111 1379 1138 1408 z
1172 1368 1349 1410 velikim
1380 1367 1555 1410 trudom
1589 1368 1630 1409 in
1664 1368 1872 1422 mnogimi
1906 1368 2068 1410 strOSki
2101 1369 2143 1410 iz

291 1448 409 1478 nova
442 1436 631 1490 pridobil
677 1440 838 1480 receno
882 1438 1027 1491 imetje
1060 1438 1174 1491 svoji
1207 1439 1369 1480 cerkvi.
1420 1437 1636 1481 Namesto
1669 1441 1969 1493 razrusenega
2002 1439 2141 1494 gradu

289 1507 331 1560 je
374 1507 566 1561 postavil
612 1509 779 1562 opatijo
813 1521 841 1551 v
873 1512 968 1551 cast
1000 1521 1065 1552 sv.
1098 1510 1228 1563 Juriju
1271 1512 1336 1551 ter
1379 1509 1433 1563 jej
1480 1520 1614 1551 razen
1658 1512 1713 1551 Ze
1756 1509 1847 1563 prej
1892 1509 2141 1563 omenjenih

291 1578 438 1632 kmetij
472 1578 606 1621 dodal
640 1582 689 1621 se
723 1578 781 1623 60
812 1580 960 1622 novih.

434 1646 659 1684 Herbordi
693 1647 912 1694 Dialogus
945 1647 1003 1685 de
1038 1646 1210 1685 Ottone
1246 1657 1319 1695 ep.
1351 1648 1570 1693 Babenb.,
1606 1648 1632 1694 1,
1664 1659 1697 1685 c.
1725 1649 1769 1686 16
1800 1648 1926 1693 (jaffe,
1953 1649 2049 1685 Bibl.
2070 1659 2142 1686 rer.

291 1706 427 1750 Germ„
455 1707 500 1748 V,
527 1707 628 1751 '11101
664 1708 733 1752 „Et
764 1708 803 1744 in
837 1708 1101 1753 patriarchatu
1128 1707 1370 1753 unileiensi
1403 1709 1579 1753 quintum
1613 1709 1806 1744 decimum
1838 1709 2072 1744 coenobium
2102 1711 2140 1744 in

290 1768 423 1802 castro
456 1766 746 1808 Arnoldestein,
782 1768 981 1804 destructa
1015 1768 1241 1810 munitione,
1280 1769 1486 1804 constituit
1521 1768 1590 1812 (sc.
1617 1777 1678 1813 ep.
1710 1766 1832 1812 Otto).
1872 1767 2140 1814 Quadraginta

290 1835 384 1861 vero
420 1828 459 1861 et
485 1827 656 1871 quinque
694 1827 808 1862 annis
835 1827 909 1862 hoc
943 1829 1114 1862 castrum
1148 1837 1235 1862 cum
1274 1828 1490 1873 nonaginta
1526 1828 1696 1872 quinque
1731 1828 1876 1863 mansis
1902 1827 1954 1862 ad
1979 1837 2024 1863 se
2050 1837 2140 1872 per-

289 1885 503 1921 tinentibus
530 1887 581 1921 ab
608 1886 776 1921 ecclesia
802 1885 1124 1932 Babenbergensi
1152 1887 1419 1922 abalienatum
1446 1887 1591 1928 fuerat;
1620 1896 1719 1931 quos
1746 1887 1831 1931 ipse
1858 1887 1979 1923 multo
2004 1887 2140 1923 labore

288 1946 327 1980 et
353 1944 530 1989 impensa
557 1946 816 1988 recuperavit,
850 1948 889 1980 et
923 1946 1118 1989 appositis
1153 1947 1210 1981 eis
1237 1946 1446 1991 sexaginta
1474 1946 1632 1988 mansis,
1659 1946 1866 1981 abbaciam
1893 1955 1984 1982 esse
2009 1945 2138 1982 fecit.“
2190 1984 2192 1986 ,

431 2003 632 2040 Ebbonis
650 2003 754 2040 vita
774 2002 959 2041 ottonis
978 2013 1050 2051 ep.
1071 2003 1291 2049 Babenb.,
1320 2004 1345 2048 l,
1366 2014 1398 2041 c.
1420 2005 1464 2041 15
1482 2004 1602 2050 (Jaffe,
1620 2005 1718 2041 Bibl.
1737 2014 1808 2041 rer.
1830 2004 1956 2041 Germ.
1976 2005 2015 2047 V,
2034 2004 2140 2049 602):

289 2062 431 2109 „Igitur
456 2063 605 2099 electus
632 2064 701 2099 Dei
738 2063 917 2108 pontifex
944 2063 1011 2107 (sc.
1038 2062 1159 2108 Otto).
1186 2065 1489 2100 consecratione
1516 2064 1710 2109 solempni
1738 2066 1788 2100 ab
1814 2064 2038 2109 apostolico
2064 2065 2139 2100 ho-

287 2123 451 2158 norifice
489 2125 713 2168 provectus.
748 2123 1034 2168 aliquantisper
1067 2124 1118 2158 ab
1157 2133 1206 2159 eo
1239 2124 1492 2159 humanitatis
1528 2124 1654 2169 gratia
1688 2125 1749 2159 est
1774 2124 1969 2165 detentus.
2004 2124 2140 2168 sicque

288 2185 426 2227 optata
456 2183 604 2227 potitus
626 2183 849 2226 emissione,
876 2191 1068 2227 prospero
1089 2183 1237 2219 itineris
1263 2183 1429 2219 decursu
1455 2183 1696 2219 transcensis
1717 2182 1882 2228 Alpibus
1897 2182 2139 2226 Karinthiam

287 2241 430 2278 venit.“

430 2301 536 2342 Ibid..
563 2311 595 2337 c.
618 2301 661 2337 17
687 2300 792 2345 (ΜΟ.
812 2300 893 2345 SS„
918 2300 992 2342 ΧΗ,
1018 2300 1119 2343 855);
1147 2328 1179 2345 ,,.
1196 2329 1204 2337 .
1220 2329 1228 2336 .
1253 2301 1291 2337 ἰη
1319 2302 1553 2346 episcopatu
1579 2301 1848 2348 Aquilegiensi
1873 2302 2137 2338 flrnoldistein

286 2361 400 2397 titulo
426 2362 553 2397 sancti
580 2360 738 2406 Georgii
767 2361 931 2396 martiris
960 2359 1217 2396 nobilitavit.“

430 2420 535 2461 ibid„
570 2430 603 2456 c.
631 2420 675 2456 19
701 2419 821 2463 (Jaff'e,
854 2420 950 2455 Bibl.
977 2429 1049 2456 rer.
1074 2419 1213 2461 Germ„
1240 2420 1284 2461 V,
1310 2419 1416 2464 607):
1454 2421 1533 2464 „Eo
1572 2423 1767 2465 tempore¹
1793 2420 1991 2465 piissimus
2027 2423 2139 2465 pater

286 2479 383 2517 Otto
410 2481 449 2516 in
476 2480 676 2515 Karinthia
703 2479 964 2515 morabatur.“
1968 2499 1971 2502 -

430 2539 534 2580 ibid„
562 2549 595 2575 c.
623 2538 667 2575 19
692 2538 729 2583 (Ι.
755 2548 789 2575 c.
813 2548 849 2583 p.
874 2538 976 2582 608):
1013 2538 1292 2582 „Postmodum
1326 2541 1470 2582 autem,
1507 2549 1594 2574 cum
1630 2548 1810 2575 reversus
1850 2539 1899 2574 de
1938 2539 2138 2575 Karinthia

286 2599 482 2644 piissimus
503 2601 615 2644 pater
633 2596 728 2634 Otto
754 2599 837 2634 voti
864 2607 908 2633 se
935 2599 1159 2642 compotem
1186 2597 1334 2634 factum
1360 2599 1466 2642 apud
1483 2598 1731 2644 Hirsaugiam
1758 2598 2027 2644 cognovisset.
2053 2598 2138 2634 Deo

287 2659 434 2704 gratias
461 2659 576 2704 egit‚.
599 2684 607 2693 .
625 2656 658 2693 .“
930 2684 932 2686 .

427 2715 643 2754 monachi
672 2714 904 2762 Priefnng.
932 2714 1036 2752 vita
1070 2714 1254 2753 Ottonis
1290 2724 1362 2761 ep.
1389 2715 1606 2761 Babenb„
1643 2716 1667 2758 1,
1694 2726 1726 2753 c.
1748 2716 1787 2752 11
1824 2715 1929 2760 (ΜΕ.
1953 2716 2034 2759 SS..
2060 2717 2136 2762 XII,

284 2777 366 2818 886,
391 2777 494 2821 887):
523 2776 793 2821 „monasteria
819 2776 895 2811 alia
917 2785 1019 2820 quae
1045 2777 1277 2817 construxit.
1304 2778 1343 2811 et
1371 2785 1472 2820 quae
1499 2776 1702 2812 monachis
1730 2778 1769 2811 et
1796 2776 2015 2812 monastica
2043 2777 2136 2812 reli-

286 2837 403 2881 gione
429 2836 606 2878 initiavit,
635 2836 733 2871 haec
760 2836 870 2871 sunt:
904 2863 912 2871 .
935 2862 942 2871 .
965 2862 973 2870 .
998 2836 1172 2880 itemque
1203 2844 1321 2871 unum
1354 2835 1392 2870 in
1418 2837 1552 2871 castro
1578 2834 1856 2871 Arnoldestein
1883 2835 2002 2875 dicto.
2029 2835 2135 2880 quod

285 2897 346 2932 est
372 2896 410 2931 in
437 2896 668 2940 episcopatu
695 2893 964 2939 Hquilegiensi
991 2894 1029 2929 in
1055 2894 1205 2929 honore
1232 2894 1358 2929 sancti
1386 2892 1551 2930 Georii.“

429 2950 772 2989 commendatio
798 2952 861 2999 pii
887 2951 1071 2990 Ottonis
1096 2952 1383 2999 Babenherg.
1403 2962 1475 2999 ep.
1496 2952 1601 2997 (ΜΟ.
1621 2953 1702 2995 SS„
1728 2953 1802 2995 ΧΠ,
1828 2953 1930 2998 911):

880 3035 942 3080 „in
969 3035 1246 3071 anoldestein
1273 3037 1539 3072 constructam

881 3094 1029 3131 Sancto
1056 3093 1227 3141 Georgio
1254 3095 1391 3131 cellam

877 3154 1038 3190 Praesul
1064 3155 1311 3190 venerandus
1339 3153 1434 3190 Otto

879 3213 960 3249 Suo
987 3214 1055 3248 dat
1081 3213 1320 3258 episcopio.¹⁴

427 3294 438 3311 ¹
458 3292 544 3322 Oton
564 3293 594 3329 je
614 3293 656 3322 bii
676 3293 852 3322 binkostno
872 3293 1000 3329 nedeljo
1022 3293 1095 3329 (dne
1116 3293 1157 3321 13.
1172 3292 1268 3329 maja)
1289 3295 1457 3329 posvecen
1476 3300 1517 3322 za
1538 3293 1633 3322 skofa
1654 3294 1702 3327 ..in
1721 3293 1870 3330 Anagnia
1888 3293 2028 3326 civitate,
2049 3299 2133 3328 quae
2157 3325 2159 3327 ¹

284 3340 473 3369 Romaniam
493 3340 605 3369 dividit
632 3342 663 3369 et
682 3340 859 3377 Apuliam“.
885 3341 1042 3376 (Ehbonis
1062 3340 1138 3370 Vita
1160 3341 1299 3374 Ottonts,
1319 3340 1339 3374 1,
1366 3340 1460 3376 c.11.)
1481 3341 1568 3370 Nato
1594 3347 1631 3369 se
1653 3340 1685 3376 je
1705 3342 1742 3369 se
1762 3339 1915 3369 nekoliko
1935 3341 2014 3369 casa
2034 3339 2132 3368 mudil

283 3387 332 3423 pri
353 3389 491 3423 papezu.
516 3388 626 3423 potem
653 3395 689 3416 se
709 3395 751 3424 pa
771 3388 893 3424 napotil
920 3395 961 3416 na
981 3388 1135 3418 Korosko
1156 3389 1187 3417 in
1208 3397 1228 3417 ο
1248 3389 1366 3418 bozicu
1389 3388 1420 3424 je
1439 3388 1481 3417 bil
1502 3396 1523 3417 v
1544 3389 1695 3417 Reznem.
1716 3387 1791 3424 (Ctr.
1805 3386 1922 3423 Meyer
1941 3394 1971 3415 v.
1985 3386 2133 3420 Knonau,

284 3434 437 3463 Heinrich
457 3434 508 3463 IV.
523 3435 587 3463 und
608 3434 655 3468 V.,
675 3435 798 3468 Bd.V1,
818 3436 861 3468 24,
882 3443 934 3472 op.
947 3435 1002 3471 35.)
