2306 3724
1039 257 1096 301 St.
1120 265 1200 300 817.
1605 321 1608 322 ⁷
1974 262 2043 299 407

199 411 392 456 peregrini
420 410 729 455 hospItabantur,
759 408 965 454 diligenter
991 409 1311 452 perscrutaretur,
1330 407 1363 443 si
1390 407 1494 443 forte
1519 415 1652 453 regem
1678 415 1748 451 per
1765 406 1958 451 loquelam
1979 404 2041 440 vel

198 478 267 514 per
291 469 450 516 aliquod
475 470 628 515 signum
654 468 859 513 explorare
884 469 1031 512 posset,
1051 468 1294 512 promittens,
1313 476 1357 502 se
1384 466 1419 502 ei
1447 466 1694 502 medietatem
1717 466 1822 501 urbis
1849 465 2043 505 daturum,

197 530 230 566 si
267 538 398 575 regem
434 528 664 572 intercipere
698 529 847 573 posset.
884 526 936 562 At
962 527 1025 562 ille
1056 526 1296 572 singulorum
1322 526 1492 571 hospitia
1519 525 1719 570 requirens
1744 526 1784 561 et
1810 524 2023 560 discutiens

198 589 356 625 tandem
382 597 514 635 regem
540 587 701 632 reperit3
728 596 806 632 quo
842 586 984 622 diutius
1020 585 1288 622 dissimulante
1314 585 1420 630 quod
1446 587 1540 626 erat,
1566 585 1724 621 tandem
1750 584 2043 629 importunitate

198 657 367 693 precum.
393 650 432 683 et
457 648 700 683 lacrimarum
726 647 777 690 pii
803 646 1043 692 inquisitoris
1069 645 1306 690 compulsus,
1326 646 1533 681 confitetur
1559 644 1665 690 quod
1691 645 1784 680 erat.
1812 642 1885 688 Qui
1911 642 2042 678 statim

198 717 286 743 cum
313 707 479 743 lacrimis
506 707 638 753 fugam
664 707 829 743 latenter
853 706 1025 750 arripere
1050 705 1291 746 adhortatur,
1313 714 1452 749 equum
1480 703 1738 749 peroptimum
1765 703 1846 748 regi
1873 702 2044 737 tradens.

198 766 341 803 Postea
367 767 498 802 autem
523 766 576 802 ad
601 765 798 802 dominum
823 774 935 801 suum
956 766 1168 808 revertens,
1187 763 1290 808 dicit,
1310 763 1490 800 frivolum
1516 765 1634 806 esset,
1662 763 1767 807 quod
1792 762 1970 798 audierat
1996 761 2044 796 de

199 826 302 871 regis
328 826 512 866 adventu,
535 825 606 861 sed
640 834 730 861 esse
754 825 1022 861 Baldewinum
1055 824 1105 860 de
1138 822 1262 860 Betun
1297 825 1336 859 et
1370 824 1534 859 comites
1561 823 1656 863 eius,
1683 823 1747 868 qui
1785 825 1834 858 de
1868 822 2043 867 peregri-

199 886 357 922 natione
383 885 573 922 redibant.
599 884 651 921 At
675 885 737 921 ille
764 885 993 921 furibundus
1019 884 1132 920 iussit
1162 893 1299 920 omnes
1332 882 1621 928 comprehendi.
1647 881 1727 917 Rex
1752 891 1848 917 vero
1878 882 2046 917 latenter

199 944 247 981 de
273 945 368 981 urbe
393 945 599 990 egrediens
624 954 713 981 cum
732 944 924 980 Willelmo
951 944 1000 980 de
1025 943 1177 990 Stagno
1204 946 1243 980 et
1270 943 1440 988 quodam
1466 951 1600 988 puero,
1627 942 1690 987 qui
1718 941 1889 987 linguam
1914 941 2044 977 Theu-

197 1005 369 1040 tonicam
395 1004 647 1050 intelligebat.
666 1013 735 1049 per
759 1006 838 1040 tres
865 1004 948 1040 dies
974 1005 1014 1039 et
1038 1005 1176 1039 noctes
1203 1003 1288 1039 sine
1314 1003 1403 1039 cibo
1424 1002 1625 1048 profectus
1652 1003 1725 1038 est.
1751 1000 1910 1042 Deinde,
1928 1000 2042 1036 famis

198 1064 327 1100 inedia
355 1065 532 1110 urgente,
557 1064 609 1099 ad
634 1063 829 1108 quandam
854 1063 986 1100 villam
1012 1063 1168 1100 nomine
1195 1062 1410 1099 Ginanam1
1427 1090 1436 1099 .
1464 1090 1473 1099 .
1499 1090 1508 1098 .
1534 1062 1691 1098 divertit
1708 1087 1716 1096 .
1736 1088 1744 1097 .
1763 1089 1772 1098 .
1790 1062 1806 1076 “

339 1121 507 1169 Rogeri
533 1121 590 1160 de
610 1121 874 1160 wendover
898 1121 1057 1160 Flores
1082 1121 1372 1159 historiarum
1393 1122 1497 1165 (ΜΟ.
1517 1121 1596 1165 SS.‚
1617 1120 1777 1162 XXVIII,
1796 1119 1876 1164 36):
1900 1119 2045 1162 „Velis-

198 1191 274 1227 que
308 1183 477 1223 retortis,
513 1192 600 1219 cum
635 1183 770 1228 paucis
807 1191 978 1224 suorum,
1016 1182 1246 1218 Baldewino
1287 1181 1470 1218 videlicet
1508 1182 1556 1217 de
1593 1180 1744 1217 Bethun
1782 1182 1821 1216 et
1858 1180 2045 1226 magistro

195 1236 376 1286 ‘philippo
402 1242 545 1278 clerico
569 1251 653 1285 suo,
680 1241 946 1287 Rnselmoque
971 1242 1178 1286 capellano
1204 1243 1299 1283 eius,
1320 1251 1407 1277 cum
1428 1241 1661 1287 quibusdam
1681 1240 1866 1276 tratribus
1884 1239 2044 1284 Templi,

197 1302 235 1338 in
263 1301 438 1346 partibus
465 1300 647 1338 Scalonie
673 1302 726 1337 ad
749 1302 879 1338 villam
906 1302 1102 1347 quandam
1128 1302 1285 1338 nomine
1317 1301 1510 1338 Gazaram
1544 1301 1795 1346 appulerunt;
1823 1300 1887 1344 qui
1913 1299 2044 1335 statim

198 1361 378 1397 nuncium
404 1361 456 1396 ad
481 1362 699 1406 proximum
727 1362 957 1408 dirigentem
984 1361 1199 1406 castellum,
1224 1370 1363 1405 pacem
1390 1363 1428 1397 et
1454 1361 1690 1397 conductum
1716 1369 1739 1395 a
1766 1359 1925 1396 domino
1951 1367 2045 1403 pro-

198 1422 325 1457 vincie
363 1421 474 1463 illius,
508 1423 572 1467 qui
608 1431 734 1466 nepos
766 1421 893 1457 extitit
928 1422 1132 1463 marchisii,
1165 1423 1396 1466 expetentes
1435 1420 1692 1465 postularunt.
1730 1419 1811 1454 Rex
1846 1420 1976 1454 autem
2008 1418 2046 1453 in

199 1481 324 1517 reditu
350 1490 424 1517 suo
449 1483 529 1518 tres
555 1482 705 1526 lapides
733 1482 941 1526 pretiosos,
961 1480 1221 1518 carbunculos
1247 1480 1398 1517 scilicet
1423 1489 1523 1525 quos
1549 1480 1669 1526 vulgo
1696 1479 1804 1515 rubiz
1831 1477 2044 1523 appellant,

197 1549 221 1575 a
248 1541 419 1585 quodam
445 1540 591 1576 Pisano
616 1541 794 1578 bisantiis
821 1543 1121 1585 comparaverat
1146 1541 1380 1586 nongentis;
1408 1548 1572 1585 quorum
1599 1548 1727 1580 unum,
1755 1539 1845 1574 dum
1871 1539 1979 1574 esset
2007 1537 2045 1573 in

199 1600 302 1640 navi,
328 1600 366 1635 in
384 1600 501 1636 anulo
519 1609 640 1636 aureo
658 1601 872 1642 includens,
893 1601 996 1636 illum
1016 1600 1174 1636 domino
1192 1600 1342 1636 castelli
1362 1608 1431 1644 per
1451 1600 1594 1635 dictum
1615 1599 1796 1634 nuncium
1816 1596 2047 1633 transmisit.

198 1658 480 1696 Percunctatus
500 1669 596 1696 vero
614 1659 778 1696 nuncius
798 1670 821 1696 a
842 1661 1001 1696 domino
1019 1660 1108 1701 loci,
1125 1661 1283 1705 quinam
1301 1662 1446 1703 essent,
1468 1659 1575 1704 quod
1592 1658 1826 1694 conductum
1845 1657 2043 1702 petebant,

197 1718 412 1762 respondit,
432 1720 660 1765 peregrinos
681 1729 770 1756 esse
790 1720 839 1755 ab
859 1719 1083 1756 lerosolima
1102 1720 1323 1756 redeuntes.
1344 1719 1493 1755 Deinde
1512 1718 1670 1755 nomina
1691 1726 1826 1754 eorum
1846 1717 2043 1762 inquirens

198 1786 221 1812 a
257 1778 404 1821 nuntio,
440 1778 662 1823 respondit:
691 1779 820 1821 „Unus
856 1788 990 1816 eorum
1023 1779 1274 1815 Baldewinus
1308 1779 1359 1815 de
1398 1777 1522 1815 Beiun
1557 1778 1787 1823 appellatur,
1812 1777 1912 1812 alter
1947 1785 2043 1812 vero

197 1836 311 1883 Hugo
339 1840 544 1879 mercator,
571 1839 634 1883 qui
660 1840 700 1874 et
725 1839 839 1875 vobis
874 1839 1030 1875 anulum
1065 1839 1311 1875 transmisit.“
1340 1838 1391 1874 lit
1417 1839 1597 1875 dominus
1623 1838 1686 1873 ille
1712 1838 1855 1873 diutius
1888 1837 2044 1872 anulum

198 1896 382 1933 intuitus:
410 1897 553 1941 ι,Νοῐι“,
586 1899 722 1944 inquit,
751 1898 897 1945 „Hugo,
923 1898 995 1934 sed
1028 1908 1096 1934 rex
1133 1898 1320 1935 Ricaiius
1358 1899 1618 1944 appellatur;“
1653 1899 1692 1934 et
1722 1897 1886 1934 adiecit:
1914 1896 2045 1939 „Licet

198 1957 286 2001 ipso
312 1957 530 1999 iuraverim‚
557 1967 618 1994 me
645 1967 782 1995 omnes
807 1959 1036 2004 peregrinos
1063 1959 1111 1994 de
1137 1959 1314 2004 partibus
1340 1959 1413 1995 illis
1441 1959 1645 1995 venientes
1672 1957 2043 2001 comprehensurum

199 2025 272 2051 nec
298 2026 436 2053 munus
461 2017 622 2062 aliquod
646 2018 697 2054 ab
723 2018 781 2054 eis
807 2020 1071 2063 accepturum,
1099 2020 1230 2054 tamen
1265 2027 1336 2063 pro
1364 2019 1554 2064 dignitate
1590 2019 1758 2054 muneris
1785 2019 1825 2052 et
1858 2016 2043 2052 mittentis

198 2075 262 2120 illi,
297 2077 361 2120 qui
399 2085 462 2112 me
495 2076 670 2123 ignotum
706 2078 759 2113 ita
794 2078 1014 2120 honoravit,
1042 2080 1080 2114 et
1114 2079 1381 2115 munusculum
1418 2079 1572 2114 remitto
1607 2079 1646 2113 et
1678 2078 1838 2113 liberam
1874 2075 2046 2112 abeundi

198 2135 394 2171 licentiam
428 2135 641 2173 concedo.“
673 2137 867 2174 Reversus
902 2139 1035 2182 itaque
1069 2139 1244 2179 nuncius,
1281 2138 1412 2174 omnia
1447 2139 1518 2174 hec
1553 2138 1634 2184 regi
1667 2138 1869 2173 intimavit.
1906 2136 1957 2172 fit
1992 2137 2043 2172 illi

198 2195 313 2231 valde
332 2197 555 2237 trementes,
571 2197 696 2232 media
716 2199 844 2238 nocte,
862 2199 972 2242 equis
993 2198 1243 2241 comparatis,
1262 2198 1310 2234 de
1327 2198 1417 2234 villa
1436 2198 1613 2240 predicta
1634 2198 1787 2233 occulte
1808 2198 1984 2233 exierunt
2004 2199 2043 2232 et

199 2263 268 2299 per
293 2257 438 2291 terram
464 2255 566 2291 illam
602 2257 747 2293 diutius
783 2257 904 2294 libere
940 2259 1237 2302 processerunt;
1263 2258 1334 2294 sed
1366 2258 1545 2293 dominus
1571 2258 1634 2293 ille
1659 2258 1828 2293 latenter
1854 2258 1944 2302 post
1971 2265 2041 2292 eos

197 2315 249 2349 ad
269 2314 428 2350 fratrem
449 2324 561 2351 suum
581 2316 871 2360 exploratorem
890 2317 1115 2358 transmisit,
1134 2319 1176 2353 ut
1194 2327 1325 2363 regem
1347 2317 1385 2353 in
1404 2319 1547 2352 terram
1566 2327 1676 2353 suam
1696 2317 2045 2361 comprehenderet

200 2374 433 2410 venientem.
461 2374 534 2412 Ubi
560 2383 648 2411 cum
673 2385 741 2411 rex
766 2376 993 2412 advenisset
1020 2378 1059 2412 et
1086 2377 1232 2418 urbem,
1252 2377 1290 2412 in
1317 2386 1393 2421 qua
1414 2376 1535 2412 frater
1555 2377 1700 2413 domini
1721 2377 1885 2421 predicti
1913 2385 2043 2412 mora-

125 2441 153 2448 ·‘
199 2433 323 2474 batur,
350 2434 550 2479 ingressus
576 2434 726 2480 fuisset,
753 2435 961 2472 confestim
987 2436 1062 2477 ille.
1088 2437 1283 2473 accersito
1307 2437 1360 2472 ad
1384 2446 1428 2472 se
1456 2437 1626 2482 quodam
1653 2437 1808 2472 homine
1835 2446 1907 2472 suo
1934 2436 2043 2471 fidis-

197 2494 308 2533 simo,
335 2493 490 2539 Rogero
524 2494 691 2536 nomine,
717 2494 980 2532 Normannico
1015 2506 1158 2542 genere
1186 2496 1234 2532 de
1258 2496 1514 2542 Argentonio,
1542 2497 1605 2541 qui
1632 2506 1719 2531 cum
1746 2506 1795 2531 eo
1822 2505 1891 2540 per
1916 2505 2042 2531 annos

199 2552 334 2598 viginti
360 2554 541 2589 extiterat
574 2572 620 2577 —
651 2556 690 2590 et
725 2556 884 2599 neptem
919 2565 1029 2591 suam
1065 2556 1101 2591 ei
1138 2557 1390 2592 maritaverat
1424 2575 1470 2580 —
1507 2556 1695 2601 precepit,
1722 2557 1763 2591 ut
1799 2556 1950 2596 domos,
1977 2556 2041 2591 ubi

200 2612 391 2657 peregrini
417 2613 716 2658 hospitarentur,
746 2614 951 2660 diligenter
976 2618 1296 2661 perscrutaretur,
1315 2617 1347 2652 si
1375 2616 1478 2652 forte
1504 2625 1636 2662 regem
1663 2624 1732 2660 per
1758 2616 1953 2660 loquelam
1979 2615 2042 2650 vel

199 2671 356 2714 aliquod
381 2673 535 2718 signum
569 2673 775 2718 explorare
810 2678 957 2719 posset,
984 2676 1213 2720 promittens
1241 2686 1284 2712 se
1311 2676 1346 2712 ei
1374 2676 1624 2712 medietatem
1653 2675 1756 2711 urbis
1794 2675 1983 2715 daturum,
2010 2675 2041 2710 si

200 2739 331 2775 regem
365 2731 596 2776 intercipere
635 2734 840 2778 potuisset.
874 2733 960 2778 Quo
998 2735 1239 2780 singulorum
1275 2736 1443 2781 hospitia
1483 2737 1775 2781 peregrinorum
1824 2736 2042 2779 inquirente

199 2789 515 2836 tandemregem
542 2794 732 2837 repperit;
758 2793 829 2829 sed
855 2803 904 2830 eo
931 2794 1073 2831 diutius
1101 2795 1368 2831 dissimulante
1404 2795 1510 2839 quod
1536 2796 1620 2840 ipse
1657 2797 1750 2835 erat,
1778 2795 1931 2830 demum
1966 2796 2039 2830 im-

201 2850 439 2892 portunitate
466 2859 623 2895 precum
650 2854 688 2887 et
713 2853 957 2889 lacrimarum
983 2854 1034 2897 pii
1061 2854 1301 2899 inquisitoris
1329 2855 1565 2899 compulsus,
1587 2856 1794 2891 confitetur
1815 2855 1919 2899 quod
1946 2856 2040 2890 erat.

199 2906 271 2951 Qui
292 2910 424 2944 statim
445 2919 531 2946 cum
550 2911 719 2948 lacrimis
739 2912 871 2959 fugam
891 2914 1061 2958 arripere
1080 2914 1306 2954 adhortans,
1328 2923 1469 2958 equum
1490 2915 1750 2959 peroptimum
1768 2915 1849 2960 regi
1869 2914 2040 2950 tradidit.

199 2966 342 3003 Postea
370 2974 466 3005 vero
491 2970 543 3005 ad
568 2972 764 3007 dominum
792 2982 983 3014 reversus,
1010 2973 1111 3017 dicit,
1139 2972 1319 3009 frivolum
1346 2983 1435 3010 esse
1462 2974 1568 3018 quod
1593 2974 1770 3010 audierat
1795 2974 1843 3009 de
1869 2974 2039 3009 adventu

201 3028 322 3072 regis:
360 3028 432 3063 sed
466 3038 556 3065 esse
589 3030 855 3068 Baldewinum
891 3033 939 3068 de
975 3031 1101 3068 Betun
1135 3035 1174 3068 et
1208 3034 1372 3069 comites
1411 3034 1505 3074 eius,
1540 3034 1604 3078 qui
1643 3034 1691 3068 de
1726 3035 2041 3079 peregrinatione

199 3086 389 3122 redibant.
427 3086 479 3122 At
517 3088 578 3124 ille
617 3089 844 3126 furibundus
883 3092 994 3127 iussit
1032 3101 1168 3128 omnes
1207 3093 1494 3137 comprehendi.
1535 3093 1614 3129 Sed
1651 3103 1719 3128 rex
1755 3095 1920 3130 latenter
1955 3104 2040 3130 cum

199 3145 397 3182 Willelmo
424 3147 472 3183 de
499 3147 649 3195 Stagno
675 3151 714 3184 et
739 3159 861 3194 puero
893 3151 1075 3195 quodam,
1102 3153 1166 3197 qui
1201 3153 1370 3198 linguam
1397 3153 1678 3189 Tneutonicatn
1714 3153 1966 3199 intelligebat,
1993 3154 2040 3189 de

201 3205 296 3240 urbe
323 3207 539 3251 egrediens,
566 3217 634 3252 per
659 3210 738 3244 tres
766 3210 848 3245 dies
875 3213 914 3246 et
942 3213 1189 3247 noctes-sine
1215 3212 1305 3247 cibo
1333 3213 1370 3247 in
1397 3213 1460 3247 via
1488 3213 1720 3256 permansit3
1748 3213 1898 3253 deinde,
1926 3213 2039 3249 famis

200 3267 362 3309 urgente
388 3266 530 3307 inedia,
557 3267 606 3302 ad
634 3268 828 3311 quandam
854 3270 982 3305 villam
1011 3271 1166 3305 nomine
1202 3269 1395 3306 Ginatiam
1423 3272 1460 3306 in
1487 3270 1641 3307 nustria
1670 3281 1792 3316 prope
1823 3273 2039 3308 Danubium

199 3323 365 3365 divertit,
392 3326 456 3361 ubi
483 3327 575 3362 tunc
600 3328 787 3372 temporis
808 3328 858 3363 ad
883 3330 1075 3365 cumulum
1097 3330 1267 3365 omnium
1294 3330 1481 3366 malorum
1503 3330 1579 3366 dux
1599 3330 1754 3367 flustrie
1782 3332 2037 3367 morabatur.“

339 3443 349 3460 ¹
370 3441 402 3470 Id
423 3443 474 3471 est
495 3442 656 3473 Viennam
677 3444 853 3481 (zDunai).
