<?xml version="1.0" encoding="UTF-8"?>
<!DOCTYPE html PUBLIC "-//W3C//DTD XHTML 1.0 Transitional//EN"
    "http://www.w3.org/TR/xhtml1/DTD/xhtml1-transitional.dtd">
<html xmlns="http://www.w3.org/1999/xhtml" xml:lang="en" lang="en">
 <head>
  <title>
</title>
<meta http-equiv="Content-Type" content="text/html;charset=utf-8" />
  <meta name='ocr-system' content='tesseract 3.04.00' />
  <meta name='ocr-capabilities' content='ocr_page ocr_carea ocr_par ocr_line ocrx_word'/>
</head>
<body>
  <div class='ocr_page' id='page_1' title='image "./gradivozazgodovi04kosmuoft_0183.png"; bbox 0 0 2306 3724; ppageno 0'>
   <div class='ocr_carea' id='block_1_1' title="bbox 1062 285 2068 329">
    <p class='ocr_par' dir='ltr' id='par_1_1' title="bbox 1062 285 2068 329">
     <span class='ocr_line' id='line_1_1' title="bbox 1062 285 2068 329; baseline 0.004 -4"><span class='ocrx_word' id='word_1_1' title='bbox 1062 285 1118 325; x_wconf 86' lang='lat' dir='ltr'>St.</span> <span class='ocrx_word' id='word_1_2' title='bbox 1142 290 1220 325; x_wconf 87' lang='lat'>105.</span> <span class='ocrx_word' id='word_1_3' title='bbox 2020 295 2068 329; x_wconf 81' lang='lat'>63</span> 
     </span>
    </p>
   </div>
   <div class='ocr_carea' id='block_1_2' title="bbox 1526 347 2067 353">
    <p class='ocr_par' dir='ltr' id='par_1_2' title="bbox 1526 347 2067 353">
     <span class='ocr_line' id='line_1_2' title="bbox 1526 347 2067 353; baseline 0 0"><span class='ocrx_word' id='word_1_4' title='bbox 1526 347 2067 353; x_wconf 95' lang='lat' dir='ltr'> </span> 
     </span>
    </p>
   </div>
   <div class='ocr_carea' id='block_1_3' title="bbox 196 431 2064 3223">
    <p class='ocr_par' dir='ltr' id='par_1_3' title="bbox 204 431 2064 1557">
     <span class='ocr_line' id='line_1_3' title="bbox 212 431 2064 491; baseline 0.002 -17"><span class='ocrx_word' id='word_1_5' title='bbox 212 431 382 486; x_wconf 89' lang='lat' dir='ltr'>pisatelj</span> <span class='ocrx_word' id='word_1_6' title='bbox 427 432 680 485; x_wconf 70' lang='lat' dir='ltr'>Zivotopisa</span> <span class='ocrx_word' id='word_1_7' title='bbox 726 431 935 474; x_wconf 82' lang='lat' dir='ltr'>Konrada</span> <span class='ocrx_word' id='word_1_8' title='bbox 981 432 1007 475; x_wconf 93' lang='lat' dir='ltr'>I.</span> <span class='ocrx_word' id='word_1_9' title='bbox 1041 433 1174 485; x_wconf 78' lang='lat' dir='ltr'>prise!</span> <span class='ocrx_word' id='word_1_10' title='bbox 1208 445 1236 475; x_wconf 91' lang='grc' dir='ltr'>ν</span> <span class='ocrx_word' id='word_1_11' title='bbox 1270 432 1497 489; x_wconf 75' lang='lat' dir='ltr'>Ostroqon</span> <span class='ocrx_word' id='word_1_12' title='bbox 1542 438 1607 476; x_wconf 84' lang='lat' dir='ltr'>ter</span> <span class='ocrx_word' id='word_1_13' title='bbox 1649 436 1772 477; x_wconf 77' lang='lat' dir='ltr'>nasei</span> <span class='ocrx_word' id='word_1_14' title='bbox 1807 436 2064 491; x_wconf 72' lang='lat' dir='ltr'>ondotnega</span> 
     </span>
     <span class='ocr_line' id='line_1_4' title="bbox 210 502 2064 561; baseline 0.002 -16"><span class='ocrx_word' id='word_1_15' title='bbox 210 502 434 546; x_wconf 74' lang='lat' dir='ltr'>nadskofa</span> <span class='ocrx_word' id='word_1_16' title='bbox 467 504 508 545; x_wconf 91' lang='lat' dir='ltr'>in</span> <span class='ocrx_word' id='word_1_17' title='bbox 542 515 623 546; x_wconf 91' lang='lat' dir='ltr'>vse</span> <span class='ocrx_word' id='word_1_18' title='bbox 657 503 850 555; x_wconf 85' lang='lat' dir='ltr'>liudstvo</span> <span class='ocrx_word' id='word_1_19' title='bbox 874 504 1070 546; x_wconf 84' lang='lat' dir='ltr'>vtakem</span> <span class='ocrx_word' id='word_1_20' title='bbox 1103 504 1269 555; x_wconf 86' lang='lat' dir='ltr'>strahu,</span> <span class='ocrx_word' id='word_1_21' title='bbox 1304 517 1356 547; x_wconf 93' lang='lat' dir='ltr'>so</span> <span class='ocrx_word' id='word_1_22' title='bbox 1390 517 1462 547; x_wconf 89' lang='lat' dir='ltr'>mu</span> <span class='ocrx_word' id='word_1_23' title='bbox 1496 506 1618 557; x_wconf 86' lang='lat' dir='ltr'>rekli‚</span> <span class='ocrx_word' id='word_1_24' title='bbox 1652 507 1770 548; x_wconf 84' lang='lat' dir='ltr'>kako</span> <span class='ocrx_word' id='word_1_25' title='bbox 1804 519 1854 549; x_wconf 94' lang='lat' dir='ltr'>se</span> <span class='ocrx_word' id='word_1_26' title='bbox 1888 508 1926 558; x_wconf 86' lang='lat' dir='ltr'>je</span> <span class='ocrx_word' id='word_1_27' title='bbox 1961 508 2064 561; x_wconf 89' lang='lat' dir='ltr'>upal</span> 
     </span>
     <span class='ocr_line' id='line_1_5' title="bbox 211 574 2063 632; baseline 0.002 -16"><span class='ocrx_word' id='word_1_28' title='bbox 211 574 307 627; x_wconf 86' lang='lat' dir='ltr'>priti</span> <span class='ocrx_word' id='word_1_29' title='bbox 340 586 395 616; x_wconf 90' lang='lat' dir='ltr'>na</span> <span class='ocrx_word' id='word_1_30' title='bbox 429 574 516 628; x_wconf 86' lang='lat' dir='ltr'>njih</span> <span class='ocrx_word' id='word_1_31' title='bbox 548 574 725 627; x_wconf 88' lang='lat' dir='ltr'>zemljo.</span> <span class='ocrx_word' id='word_1_32' title='bbox 760 575 913 617; x_wconf 87' lang='lat' dir='ltr'>katero</span> <span class='ocrx_word' id='word_1_33' title='bbox 947 575 1060 617; x_wconf 77' lang='lat' dir='ltr'>hoce</span> <span class='ocrx_word' id='word_1_34' title='bbox 1093 576 1258 630; x_wconf 76' lang='lat' dir='ltr'>njeqov</span> <span class='ocrx_word' id='word_1_35' title='bbox 1291 577 1469 631; x_wconf 77' lang='lat' dir='ltr'>qospod</span> <span class='ocrx_word' id='word_1_36' title='bbox 1504 579 1751 630; x_wconf 80' lang='lat' dir='ltr'>opustositi.</span> <span class='ocrx_word' id='word_1_37' title='bbox 1799 577 1867 621; x_wconf 90' lang='lat' dir='ltr'>On</span> <span class='ocrx_word' id='word_1_38' title='bbox 1900 579 1971 632; x_wconf 90' lang='lat' dir='ltr'>jim</span> <span class='ocrx_word' id='word_1_39' title='bbox 2007 590 2063 632; x_wconf 87' lang='lat' dir='ltr'>pa</span> 
     </span>
     <span class='ocr_line' id='line_1_6' title="bbox 210 645 2062 704; baseline 0.003 -18"><span class='ocrx_word' id='word_1_40' title='bbox 210 646 251 687; x_wconf 91' lang='lat' dir='ltr'>ni</span> <span class='ocrx_word' id='word_1_41' title='bbox 285 645 404 688; x_wconf 90' lang='lat' dir='ltr'>hotel</span> <span class='ocrx_word' id='word_1_42' title='bbox 436 645 710 699; x_wconf 88' lang='lat' dir='ltr'>popolnoma</span> <span class='ocrx_word' id='word_1_43' title='bbox 742 646 922 688; x_wconf 88' lang='lat' dir='ltr'>odvzeti</span> <span class='ocrx_word' id='word_1_44' title='bbox 956 646 1042 700; x_wconf 88' lang='lat' dir='ltr'>njih</span> <span class='ocrx_word' id='word_1_45' title='bbox 1077 647 1196 689; x_wconf 87' lang='lat' dir='ltr'>skrbi</span> <span class='ocrx_word' id='word_1_46' title='bbox 1229 650 1295 689; x_wconf 87' lang='lat' dir='ltr'>ter</span> <span class='ocrx_word' id='word_1_47' title='bbox 1328 647 1554 700; x_wconf 85' lang='lat' dir='ltr'>povedati,</span> <span class='ocrx_word' id='word_1_48' title='bbox 1598 648 1654 690; x_wconf 89' lang='lat' dir='ltr'>da</span> <span class='ocrx_word' id='word_1_49' title='bbox 1688 649 1852 704; x_wconf 75' lang='lat' dir='ltr'>njeqov</span> <span class='ocrx_word' id='word_1_50' title='bbox 1885 650 2062 704; x_wconf 76' lang='lat' dir='ltr'>qospod</span> 
     </span>
     <span class='ocr_line' id='line_1_7' title="bbox 209 716 2062 773; baseline 0.003 -15"><span class='ocrx_word' id='word_1_51' title='bbox 209 729 264 759; x_wconf 90' lang='lat' dir='ltr'>ne</span> <span class='ocrx_word' id='word_1_52' title='bbox 297 717 409 759; x_wconf 90' lang='lat' dir='ltr'>misli</span> <span class='ocrx_word' id='word_1_53' title='bbox 442 717 511 770; x_wconf 88' lang='lat' dir='ltr'>kaj</span> <span class='ocrx_word' id='word_1_54' title='bbox 546 717 708 772; x_wconf 73' lang='lat' dir='ltr'>takeqa</span> <span class='ocrx_word' id='word_1_55' title='bbox 741 718 892 760; x_wconf 88' lang='lat' dir='ltr'>storiti.</span> <span class='ocrx_word' id='word_1_56' title='bbox 929 716 1040 759; x_wconf 87' lang='lat' dir='ltr'>Zato</span> <span class='ocrx_word' id='word_1_57' title='bbox 1073 718 1114 771; x_wconf 89' lang='lat' dir='ltr'>je</span> <span class='ocrx_word' id='word_1_58' title='bbox 1147 718 1408 773; x_wconf 70' lang='lat' dir='ltr'>odqovoril:</span> <span class='ocrx_word' id='word_1_59' title='bbox 1445 717 1660 771; x_wconf 87' lang='lat' dir='ltr'>„Gospod</span> <span class='ocrx_word' id='word_1_60' title='bbox 1695 721 1735 762; x_wconf 88' lang='lat' dir='ltr'>ni</span> <span class='ocrx_word' id='word_1_61' title='bbox 1770 721 1894 773; x_wconf 88' lang='lat' dir='ltr'>sedaj</span> <span class='ocrx_word' id='word_1_62' title='bbox 1930 722 2062 773; x_wconf 78' lang='lat' dir='ltr'>prisel</span> 
     </span>
     <span class='ocr_line' id='line_1_8' title="bbox 208 788 2062 845; baseline 0.003 -15"><span class='ocrx_word' id='word_1_63' title='bbox 208 791 273 830; x_wconf 87' lang='lat' dir='ltr'>ter</span> <span class='ocrx_word' id='word_1_64' title='bbox 293 788 406 830; x_wconf 78' lang='lat' dir='ltr'>hoce</span> <span class='ocrx_word' id='word_1_65' title='bbox 439 788 659 841; x_wconf 80' lang='lat' dir='ltr'>pocakati,</span> <span class='ocrx_word' id='word_1_66' title='bbox 695 788 863 831; x_wconf 90' lang='lat' dir='ltr'>bodoli</span> <span class='ocrx_word' id='word_1_67' title='bbox 898 789 1058 842; x_wconf 89' lang='lat' dir='ltr'>poslali</span> <span class='ocrx_word' id='word_1_68' title='bbox 1091 790 1218 841; x_wconf 83' lang='lat' dir='ltr'>nazaj</span> <span class='ocrx_word' id='word_1_69' title='bbox 1255 789 1446 843; x_wconf 87' lang='lat' dir='ltr'>ujetnike</span> <span class='ocrx_word' id='word_1_70' title='bbox 1479 794 1544 832; x_wconf 89' lang='lat' dir='ltr'>ter</span> <span class='ocrx_word' id='word_1_71' title='bbox 1565 803 1614 832; x_wconf 92' lang='lat' dir='ltr'>se</span> <span class='ocrx_word' id='word_1_72' title='bbox 1647 792 1815 833; x_wconf 89' lang='lat' dir='ltr'>ravnali</span> <span class='ocrx_word' id='word_1_73' title='bbox 1849 804 1908 845; x_wconf 94' lang='lat' dir='ltr'>po</span> <span class='ocrx_word' id='word_1_74' title='bbox 1942 793 2062 835; x_wconf 85' lang='lat' dir='ltr'>skle-</span> 
     </span>
     <span class='ocr_line' id='line_1_9' title="bbox 207 858 2061 916; baseline 0.003 -15"><span class='ocrx_word' id='word_1_75' title='bbox 207 859 322 912; x_wconf 83' lang='lat' dir='ltr'>nieni</span> <span class='ocrx_word' id='word_1_76' title='bbox 356 859 594 915; x_wconf 72' lang='lat' dir='ltr'>poqodbi.“</span> <span class='ocrx_word' id='word_1_77' title='bbox 642 858 710 902; x_wconf 84' lang='lat' dir='ltr'>Ko</span> <span class='ocrx_word' id='word_1_78' title='bbox 743 872 796 903; x_wconf 89' lang='lat' dir='ltr'>so</span> <span class='ocrx_word' id='word_1_79' title='bbox 831 873 858 902; x_wconf 89' lang='grc' dir='ltr'><strong><em>ν</em></strong></span> <span class='ocrx_word' id='word_1_80' title='bbox 891 859 1149 915; x_wconf 75' lang='lat' dir='ltr'>Ostroqonu</span> <span class='ocrx_word' id='word_1_81' title='bbox 1182 861 1319 902; x_wconf 73' lang='lat' dir='ltr'>slisali</span> <span class='ocrx_word' id='word_1_82' title='bbox 1361 863 1405 902; x_wconf 89' lang='lat' dir='ltr'>ta</span> <span class='ocrx_word' id='word_1_83' title='bbox 1438 861 1658 916; x_wconf 74' lang='lat' dir='ltr'>odqovor,</span> <span class='ocrx_word' id='word_1_84' title='bbox 1699 875 1751 904; x_wconf 93' lang='lat' dir='ltr'>so</span> <span class='ocrx_word' id='word_1_85' title='bbox 1786 864 1943 915; x_wconf 85' lang='lat' dir='ltr'>posiali</span> <span class='ocrx_word' id='word_1_86' title='bbox 1978 875 2061 916; x_wconf 88' lang='lat' dir='ltr'>po-</span> 
     </span>
     <span class='ocr_line' id='line_1_10' title="bbox 207 930 2062 989; baseline 0.003 -17"><span class='ocrx_word' id='word_1_87' title='bbox 207 931 357 973; x_wconf 90' lang='lat' dir='ltr'>slance</span> <span class='ocrx_word' id='word_1_88' title='bbox 391 930 417 972; x_wconf 89' lang='lat' dir='ltr'>h</span> <span class='ocrx_word' id='word_1_89' title='bbox 451 931 603 985; x_wconf 85' lang='lat' dir='ltr'>kralju,</span> <span class='ocrx_word' id='word_1_90' title='bbox 637 931 775 973; x_wconf 86' lang='lat' dir='ltr'>kateri</span> <span class='ocrx_word' id='word_1_91' title='bbox 809 943 858 974; x_wconf 93' lang='lat' dir='ltr'>se</span> <span class='ocrx_word' id='word_1_92' title='bbox 890 932 931 985; x_wconf 80' lang='lat' dir='ltr'>ie</span> <span class='ocrx_word' id='word_1_93' title='bbox 963 933 1106 974; x_wconf 85' lang='lat' dir='ltr'>takrat</span> <span class='ocrx_word' id='word_1_94' title='bbox 1138 932 1271 973; x_wconf 90' lang='lat' dir='ltr'>mudil</span> <span class='ocrx_word' id='word_1_95' title='bbox 1300 945 1327 974; x_wconf 94' lang='lat' dir='ltr'>v</span> <span class='ocrx_word' id='word_1_96' title='bbox 1352 931 1559 974; x_wconf 85' lang='lat' dir='ltr'>Rusinski</span> <span class='ocrx_word' id='word_1_97' title='bbox 1592 933 1723 986; x_wconf 89' lang='lat' dir='ltr'>mejni</span> <span class='ocrx_word' id='word_1_98' title='bbox 1757 934 1912 989; x_wconf 70' lang='lat' dir='ltr'>qrofiji.</span> <span class='ocrx_word' id='word_1_99' title='bbox 1944 933 2062 977; x_wconf 86' lang='lat' dir='ltr'>Nato</span> 
     </span>
     <span class='ocr_line' id='line_1_11' title="bbox 207 1002 2062 1058; baseline 0.002 -14"><span class='ocrx_word' id='word_1_100' title='bbox 207 1013 260 1044; x_wconf 90' lang='lat' dir='ltr'>so</span> <span class='ocrx_word' id='word_1_101' title='bbox 302 1002 414 1045; x_wconf 88' lang='lat' dir='ltr'>hitro</span> <span class='ocrx_word' id='word_1_102' title='bbox 457 1002 666 1056; x_wconf 86' lang='lat' dir='ltr'>odstopili</span> <span class='ocrx_word' id='word_1_103' title='bbox 711 1002 1082 1058; x_wconf 73' lang='lat' dir='ltr'>solnoqraskemu</span> <span class='ocrx_word' id='word_1_104' title='bbox 1126 1002 1352 1045; x_wconf 80' lang='lat' dir='ltr'>nadskofu</span> <span class='ocrx_word' id='word_1_105' title='bbox 1396 1016 1477 1046; x_wconf 92' lang='lat' dir='ltr'>vse</span> <span class='ocrx_word' id='word_1_106' title='bbox 1523 1004 1714 1058; x_wconf 73' lang='lat' dir='ltr'>uietnike</span> <span class='ocrx_word' id='word_1_107' title='bbox 1759 1006 1800 1047; x_wconf 91' lang='lat' dir='ltr'>in</span> <span class='ocrx_word' id='word_1_108' title='bbox 1834 1017 1915 1047; x_wconf 91' lang='lat' dir='ltr'>ves</span> <span class='ocrx_word' id='word_1_109' title='bbox 1950 1007 2062 1058; x_wconf 87' lang='lat' dir='ltr'>plen.</span> 
     </span>
     <span class='ocr_line' id='line_1_12' title="bbox 207 1071 2060 1130; baseline 0.002 -15"><span class='ocrx_word' id='word_1_110' title='bbox 207 1071 279 1116; x_wconf 79' lang='lat' dir='ltr'>pri</span> <span class='ocrx_word' id='word_1_111' title='bbox 311 1074 367 1127; x_wconf 87' lang='lat' dir='ltr'>tej</span> <span class='ocrx_word' id='word_1_112' title='bbox 402 1073 661 1127; x_wconf 69' lang='lat' dir='ltr'>priloinosti</span> <span class='ocrx_word' id='word_1_113' title='bbox 694 1077 762 1116; x_wconf 89' lang='lat' dir='ltr'>sta</span> <span class='ocrx_word' id='word_1_114' title='bbox 796 1086 845 1116; x_wconf 94' lang='lat' dir='ltr'>se</span> <span class='ocrx_word' id='word_1_115' title='bbox 878 1074 1030 1128; x_wconf 73' lang='lat' dir='ltr'>oqrski</span> <span class='ocrx_word' id='word_1_116' title='bbox 1069 1074 1175 1128; x_wconf 86' lang='lat' dir='ltr'>kralj</span> <span class='ocrx_word' id='word_1_117' title='bbox 1219 1075 1260 1116; x_wconf 89' lang='lat' dir='ltr'>in</span> <span class='ocrx_word' id='word_1_118' title='bbox 1294 1074 1576 1129; x_wconf 75' lang='lat' dir='ltr'>solnoqraski</span> <span class='ocrx_word' id='word_1_119' title='bbox 1621 1076 1819 1118; x_wconf 67' lang='lat' dir='ltr'>nadSkof</span> <span class='ocrx_word' id='word_1_120' title='bbox 1861 1078 2060 1130; x_wconf 91' lang='lat' dir='ltr'>pomirila</span> 
     </span>
     <span class='ocr_line' id='line_1_13' title="bbox 206 1137 2062 1203; baseline 0.002 -16"><span class='ocrx_word' id='word_1_121' title='bbox 206 1145 325 1195; x_wconf 85' lang='lat' dir='ltr'>tako,</span> <span class='ocrx_word' id='word_1_122' title='bbox 360 1145 417 1187; x_wconf 91' lang='lat' dir='ltr'>da</span> <span class='ocrx_word' id='word_1_123' title='bbox 449 1146 491 1187; x_wconf 87' lang='lat' dir='ltr'>ni</span> <span class='ocrx_word' id='word_1_124' title='bbox 524 1157 651 1187; x_wconf 90' lang='lat' dir='ltr'>samo</span> <span class='ocrx_word' id='word_1_125' title='bbox 685 1145 819 1198; x_wconf 74' lang='lat' dir='ltr'>prisia</span> <span class='ocrx_word' id='word_1_126' title='bbox 851 1144 1139 1188; x_wconf 78' lang='lat' dir='ltr'>nadskofova</span> <span class='ocrx_word' id='word_1_127' title='bbox 1171 1145 1331 1199; x_wconf 87' lang='lat' dir='ltr'>zemlja</span> <span class='ocrx_word' id='word_1_128' title='bbox 1365 1143 1438 1199; x_wconf 88' lang='lat' dir='ltr'>(po</span> <span class='ocrx_word' id='word_1_129' title='bbox 1467 1137 1756 1200; x_wconf 77' lang='lat' dir='ltr'>Stajerskem)</span> <span class='ocrx_word' id='word_1_130' title='bbox 1790 1148 1848 1190; x_wconf 93' lang='lat' dir='ltr'>do</span> <span class='ocrx_word' id='word_1_131' title='bbox 1882 1151 2062 1203; x_wconf 77' lang='lat' dir='ltr'>stareqa</span> 
     </span>
     <span class='ocr_line' id='line_1_14' title="bbox 205 1215 2058 1272; baseline 0.001 -13"><span class='ocrx_word' id='word_1_132' title='bbox 205 1216 499 1272; x_wconf 77' lang='lat' dir='ltr'>blaqostanja,</span> <span class='ocrx_word' id='word_1_133' title='bbox 541 1219 688 1259; x_wconf 74' lang='lat' dir='ltr'>ternuc</span> <span class='ocrx_word' id='word_1_134' title='bbox 719 1228 803 1259; x_wconf 87' lang='lat' dir='ltr'>vsa</span> <span class='ocrx_word' id='word_1_135' title='bbox 834 1215 989 1269; x_wconf 83' lang='lat' dir='ltr'>Mejna</span> <span class='ocrx_word' id='word_1_136' title='bbox 1022 1216 1178 1271; x_wconf 75' lang='lat' dir='ltr'>qrofija</span> <span class='ocrx_word' id='word_1_137' title='bbox 1220 1229 1270 1259; x_wconf 93' lang='lat' dir='ltr'>se</span> <span class='ocrx_word' id='word_1_138' title='bbox 1305 1219 1343 1268; x_wconf 89' lang='lat' dir='ltr'>je</span> <span class='ocrx_word' id='word_1_139' title='bbox 1386 1217 1530 1260; x_wconf 87' lang='lat' dir='ltr'>takrat</span> <span class='ocrx_word' id='word_1_140' title='bbox 1573 1219 1795 1271; x_wconf 88' lang='lat' dir='ltr'>napolnila</span> <span class='ocrx_word' id='word_1_141' title='bbox 1842 1231 1868 1261; x_wconf 91' lang='lat' dir='ltr'><em>z</em></span> <span class='ocrx_word' id='word_1_142' title='bbox 1902 1221 2058 1268; x_wconf 69' lang='lat' dir='ltr'>vasnsi,</span> 
     </span>
     <span class='ocr_line' id='line_1_15' title="bbox 205 1288 2058 1342; baseline 0.002 -12"><span class='ocrx_word' id='word_1_143' title='bbox 205 1288 394 1342; x_wconf 76' lang='lat' dir='ltr'>qradovi</span> <span class='ocrx_word' id='word_1_144' title='bbox 425 1289 467 1330; x_wconf 93' lang='lat' dir='ltr'>in</span> <span class='ocrx_word' id='word_1_145' title='bbox 500 1288 765 1330; x_wconf 86' lang='lat' dir='ltr'>kmetovalci</span> <span class='ocrx_word' id='word_1_146' title='bbox 798 1289 917 1338; x_wconf 87' lang='lat' dir='ltr'>tako,</span> <span class='ocrx_word' id='word_1_147' title='bbox 952 1288 1093 1330; x_wconf 84' lang='lat' dir='ltr'>kakor</span> <span class='ocrx_word' id='word_1_148' title='bbox 1123 1288 1164 1342; x_wconf 92' lang='lat' dir='ltr'>je</span> <span class='ocrx_word' id='word_1_149' title='bbox 1197 1291 1247 1330; x_wconf 79' lang='lat' dir='ltr'>se</span> <span class='ocrx_word' id='word_1_150' title='bbox 1280 1288 1550 1330; x_wconf 91' lang='lat' dir='ltr'>dandanes.1</span> <span class='ocrx_word' id='word_1_151' title='bbox 1589 1288 1654 1331; x_wconf 79' lang='lat' dir='ltr'>Do</span> <span class='ocrx_word' id='word_1_152' title='bbox 1688 1290 1982 1332; x_wconf 88' lang='lat' dir='ltr'>rodovitnosti</span> <span class='ocrx_word' id='word_1_153' title='bbox 2017 1291 2058 1333; x_wconf 91' lang='lat' dir='ltr'>in</span> 
     </span>
     <span class='ocr_line' id='line_1_16' title="bbox 205 1358 2056 1416; baseline 0.002 -15"><span class='ocrx_word' id='word_1_154' title='bbox 205 1360 358 1402; x_wconf 89' lang='lat' dir='ltr'>raznih</span> <span class='ocrx_word' id='word_1_155' title='bbox 392 1359 607 1413; x_wconf 86' lang='lat' dir='ltr'>pridelkih</span> <span class='ocrx_word' id='word_1_156' title='bbox 640 1371 690 1402; x_wconf 92' lang='lat' dir='ltr'>se</span> <span class='ocrx_word' id='word_1_157' title='bbox 722 1360 765 1401; x_wconf 93' lang='lat' dir='ltr'>ni</span> <span class='ocrx_word' id='word_1_158' title='bbox 786 1359 902 1401; x_wconf 89' lang='lat' dir='ltr'>dosti</span> <span class='ocrx_word' id='word_1_159' title='bbox 936 1359 1065 1401; x_wconf 79' lang='lat' dir='ltr'>locila</span> <span class='ocrx_word' id='word_1_160' title='bbox 1099 1359 1158 1401; x_wconf 90' lang='lat' dir='ltr'>od</span> <span class='ocrx_word' id='word_1_161' title='bbox 1184 1358 1392 1413; x_wconf 78' lang='lat' dir='ltr'>Hvstrije.</span> <span class='ocrx_word' id='word_1_162' title='bbox 1423 1358 1534 1414; x_wconf 87' lang='lat' dir='ltr'>Jako</span> <span class='ocrx_word' id='word_1_163' title='bbox 1558 1360 1695 1402; x_wconf 85' lang='lat' dir='ltr'>redek</span> <span class='ocrx_word' id='word_1_164' title='bbox 1729 1361 1784 1402; x_wconf 89' lang='lat' dir='ltr'>ali</span> <span class='ocrx_word' id='word_1_165' title='bbox 1818 1372 1875 1414; x_wconf 89' lang='lat' dir='ltr'>pa</span> <span class='ocrx_word' id='word_1_166' title='bbox 1909 1362 2056 1416; x_wconf 85' lang='lat' dir='ltr'>skoraj</span> 
     </span>
     <span class='ocr_line' id='line_1_17' title="bbox 204 1430 2057 1486; baseline 0.001 -13"><span class='ocrx_word' id='word_1_167' title='bbox 204 1442 378 1473; x_wconf 89' lang='lat' dir='ltr'>neznan</span> <span class='ocrx_word' id='word_1_168' title='bbox 409 1430 450 1485; x_wconf 79' lang='lat' dir='ltr'>ie</span> <span class='ocrx_word' id='word_1_169' title='bbox 484 1431 541 1472; x_wconf 90' lang='lat' dir='ltr'>bil</span> <span class='ocrx_word' id='word_1_170' title='bbox 574 1430 726 1484; x_wconf 76' lang='lat' dir='ltr'>slucaj,</span> <span class='ocrx_word' id='word_1_171' title='bbox 761 1431 816 1472; x_wconf 86' lang='lat' dir='ltr'>da</span> <span class='ocrx_word' id='word_1_172' title='bbox 851 1431 894 1472; x_wconf 92' lang='lat' dir='ltr'>bi</span> <span class='ocrx_word' id='word_1_173' title='bbox 927 1430 985 1472; x_wconf 88' lang='lat' dir='ltr'>bil</span> <span class='ocrx_word' id='word_1_174' title='bbox 1019 1430 1108 1472; x_wconf 86' lang='lat' dir='ltr'>kdo</span> <span class='ocrx_word' id='word_1_175' title='bbox 1131 1431 1230 1473; x_wconf 78' lang='lat' dir='ltr'>locil</span> <span class='ocrx_word' id='word_1_176' title='bbox 1264 1431 1368 1484; x_wconf 91' lang='lat' dir='ltr'>ljudi</span> <span class='ocrx_word' id='word_1_177' title='bbox 1392 1431 1586 1486; x_wconf 75' lang='lat' dir='ltr'>obojega</span> <span class='ocrx_word' id='word_1_178' title='bbox 1619 1432 1747 1486; x_wconf 85' lang='lat' dir='ltr'>spoia</span> <span class='ocrx_word' id='word_1_179' title='bbox 1780 1435 1846 1475; x_wconf 86' lang='lat' dir='ltr'>ter</span> <span class='ocrx_word' id='word_1_180' title='bbox 1866 1433 1925 1486; x_wconf 91' lang='lat' dir='ltr'>jih</span> <span class='ocrx_word' id='word_1_181' title='bbox 1954 1446 2057 1486; x_wconf 89' lang='lat' dir='ltr'>pro-</span> 
     </span>
     <span class='ocr_line' id='line_1_18' title="bbox 204 1502 1430 1557; baseline 0 -13"><span class='ocrx_word' id='word_1_182' title='bbox 204 1503 334 1556; x_wconf 88' lang='lat' dir='ltr'>dajal,</span> <span class='ocrx_word' id='word_1_183' title='bbox 369 1503 447 1544; x_wconf 87' lang='lat' dir='ltr'>kar</span> <span class='ocrx_word' id='word_1_184' title='bbox 478 1515 529 1545; x_wconf 94' lang='lat' dir='ltr'>se</span> <span class='ocrx_word' id='word_1_185' title='bbox 562 1503 601 1556; x_wconf 87' lang='lat' dir='ltr'>je</span> <span class='ocrx_word' id='word_1_186' title='bbox 634 1515 663 1545; x_wconf 93' lang='lat' dir='ltr'>v</span> <span class='ocrx_word' id='word_1_187' title='bbox 696 1502 831 1545; x_wconf 88' lang='lat' dir='ltr'>starih</span> <span class='ocrx_word' id='word_1_188' title='bbox 865 1502 988 1545; x_wconf 77' lang='lat' dir='ltr'>casih</span> <span class='ocrx_word' id='word_1_189' title='bbox 1022 1503 1205 1545; x_wconf 77' lang='lat' dir='ltr'>veckrat</span> <span class='ocrx_word' id='word_1_190' title='bbox 1235 1502 1430 1557; x_wconf 74' lang='lat' dir='ltr'>zqodilo.</span> 
     </span>
    </p>

    <p class='ocr_par' dir='ltr' id='par_1_4' title="bbox 196 1570 2057 3223">
     <span class='ocr_line' id='line_1_19' title="bbox 346 1570 2056 1618; baseline 0.001 -10"><span class='ocrx_word' id='word_1_191' title='bbox 346 1570 445 1608; x_wconf 78' lang='lat' dir='ltr'>vita</span> <span class='ocrx_word' id='word_1_192' title='bbox 471 1570 697 1608; x_wconf 82' lang='lat' dir='ltr'>chunradi</span> <span class='ocrx_word' id='word_1_193' title='bbox 722 1570 928 1617; x_wconf 72' lang='lat' dir='ltr'>archiep..</span> <span class='ocrx_word' id='word_1_194' title='bbox 956 1580 989 1607; x_wconf 94' lang='lat' dir='ltr'>c.</span> <span class='ocrx_word' id='word_1_195' title='bbox 1010 1571 1054 1607; x_wconf 91' lang='lat'>18</span> <span class='ocrx_word' id='word_1_196' title='bbox 1079 1570 1184 1615; x_wconf 73' lang='grc' dir='ltr'><strong>(ΜΕ.</strong></span> <span class='ocrx_word' id='word_1_197' title='bbox 1205 1570 1285 1612; x_wconf 89' lang='lat' dir='ltr'>SS.‚</span> <span class='ocrx_word' id='word_1_198' title='bbox 1312 1570 1371 1614; x_wconf 86' lang='lat' dir='ltr'>XI,</span> <span class='ocrx_word' id='word_1_199' title='bbox 1400 1571 1476 1615; x_wconf 76' lang='lat'><strong>74)·</strong></span> <span class='ocrx_word' id='word_1_200' title='bbox 1506 1571 1644 1616; x_wconf 77' lang='lat' dir='ltr'>„Quod</span> <span class='ocrx_word' id='word_1_201' title='bbox 1670 1575 1761 1617; x_wconf 87' lang='lat' dir='ltr'>post</span> <span class='ocrx_word' id='word_1_202' title='bbox 1788 1573 1888 1609; x_wconf 87' lang='lat' dir='ltr'>hanc</span> <span class='ocrx_word' id='word_1_203' title='bbox 1917 1583 2056 1618; x_wconf 81' lang='lat' dir='ltr'>pacem</span> 
     </span>
     <span class='ocr_line' id='line_1_20' title="bbox 203 1630 2055 1677; baseline 0.001 -9"><span class='ocrx_word' id='word_1_204' title='bbox 203 1632 384 1668; x_wconf 88' lang='lat' dir='ltr'>evenisse</span> <span class='ocrx_word' id='word_1_205' title='bbox 418 1641 590 1676; x_wconf 85' lang='lat' dir='ltr'>unquam</span> <span class='ocrx_word' id='word_1_206' title='bbox 615 1632 681 1667; x_wconf 89' lang='lat' dir='ltr'>vix</span> <span class='ocrx_word' id='word_1_207' title='bbox 716 1632 920 1676; x_wconf 84' lang='lat' dir='ltr'>quisquam</span> <span class='ocrx_word' id='word_1_208' title='bbox 960 1631 1103 1666; x_wconf 90' lang='lat' dir='ltr'>docere</span> <span class='ocrx_word' id='word_1_209' title='bbox 1138 1631 1294 1675; x_wconf 90' lang='lat' dir='ltr'>poterit.</span> <span class='ocrx_word' id='word_1_210' title='bbox 1329 1630 1458 1666; x_wconf 91' lang='lat' dir='ltr'>Semel</span> <span class='ocrx_word' id='word_1_211' title='bbox 1492 1641 1660 1676; x_wconf 87' lang='lat' dir='ltr'>namque</span> <span class='ocrx_word' id='word_1_212' title='bbox 1697 1633 1903 1677; x_wconf 78' lang='lat' dir='ltr'>eruptione</span> <span class='ocrx_word' id='word_1_213' title='bbox 1941 1635 2055 1669; x_wconf 86' lang='lat' dir='ltr'>solita</span> 
     </span>
     <span class='ocr_line' id='line_1_21' title="bbox 203 1690 2057 1737; baseline 0.001 -9"><span class='ocrx_word' id='word_1_214' title='bbox 203 1691 448 1737; x_wconf 78' lang='lat' dir='ltr'>Unqarorum</span> <span class='ocrx_word' id='word_1_215' title='bbox 469 1692 508 1727; x_wconf 92' lang='lat' dir='ltr'>id</span> <span class='ocrx_word' id='word_1_216' title='bbox 527 1691 744 1737; x_wconf 70' lang='lat' dir='ltr'>contigisse</span> <span class='ocrx_word' id='word_1_217' title='bbox 762 1691 852 1726; x_wconf 91' lang='lat' dir='ltr'>inde</span> <span class='ocrx_word' id='word_1_218' title='bbox 871 1691 1070 1732; x_wconf 88' lang='lat' dir='ltr'>recordor.</span> <span class='ocrx_word' id='word_1_219' title='bbox 1091 1690 1182 1735; x_wconf 82' lang='lat' dir='ltr'>quia</span> <span class='ocrx_word' id='word_1_220' title='bbox 1202 1699 1274 1735; x_wconf 88' lang='lat' dir='ltr'>pro</span> <span class='ocrx_word' id='word_1_221' title='bbox 1294 1691 1367 1726; x_wconf 90' lang='lat' dir='ltr'>hac</span> <span class='ocrx_word' id='word_1_222' title='bbox 1386 1700 1427 1726; x_wconf 90' lang='lat' dir='ltr'>re</span> <span class='ocrx_word' id='word_1_223' title='bbox 1447 1691 1604 1726; x_wconf 87' lang='lat' dir='ltr'>nuntius</span> <span class='ocrx_word' id='word_1_224' title='bbox 1623 1692 1662 1726; x_wconf 93' lang='lat' dir='ltr'>in</span> <span class='ocrx_word' id='word_1_225' title='bbox 1681 1691 1893 1737; x_wconf 73' lang='lat' dir='ltr'>Unqariam</span> <span class='ocrx_word' id='word_1_226' title='bbox 1915 1693 2057 1735; x_wconf 80' lang='lat' dir='ltr'>factus.</span> 
     </span>
     <span class='ocr_line' id='line_1_22' title="bbox 201 1750 2055 1797; baseline 0.001 -10"><span class='ocrx_word' id='word_1_227' title='bbox 201 1751 347 1787; x_wconf 85' lang='lat' dir='ltr'>auxilio</span> <span class='ocrx_word' id='word_1_228' title='bbox 367 1751 648 1796; x_wconf 89' lang='lat' dir='ltr'>archiepiscopi</span> <span class='ocrx_word' id='word_1_229' title='bbox 669 1750 950 1796; x_wconf 73' lang='lat' dir='ltr'>Striqoniensis</span> <span class='ocrx_word' id='word_1_230' title='bbox 972 1750 1153 1786; x_wconf 86' lang='lat' dir='ltr'>Feliciani</span> <span class='ocrx_word' id='word_1_231' title='bbox 1181 1751 1217 1785; x_wconf 88' lang='lat' dir='ltr'>in</span> <span class='ocrx_word' id='word_1_232' title='bbox 1238 1752 1391 1786; x_wconf 82' lang='lat' dir='ltr'>tantum</span> <span class='ocrx_word' id='word_1_233' title='bbox 1411 1750 1573 1795; x_wconf 86' lang='lat' dir='ltr'>profeci,</span> <span class='ocrx_word' id='word_1_234' title='bbox 1600 1753 1641 1786; x_wconf 91' lang='lat' dir='ltr'>ut</span> <span class='ocrx_word' id='word_1_235' title='bbox 1667 1751 1827 1787; x_wconf 90' lang='lat' dir='ltr'>iubente</span> <span class='ocrx_word' id='word_1_236' title='bbox 1853 1761 1947 1797; x_wconf 73' lang='lat' dir='ltr'>rege</span> <span class='ocrx_word' id='word_1_237' title='bbox 1974 1756 2055 1788; x_wconf 89' lang='lat' dir='ltr'>tam</span> 
     </span>
     <span class='ocr_line' id='line_1_23' title="bbox 201 1810 2055 1857; baseline 0.001 -11"><span class='ocrx_word' id='word_1_238' title='bbox 201 1811 331 1846; x_wconf 87' lang='lat' dir='ltr'>valida</span> <span class='ocrx_word' id='word_1_239' title='bbox 366 1810 701 1851; x_wconf 78' lang='lat' dir='ltr'>interminacione.</span> <span class='ocrx_word' id='word_1_240' title='bbox 735 1812 778 1845; x_wconf 91' lang='lat' dir='ltr'>ut</span> <span class='ocrx_word' id='word_1_241' title='bbox 811 1810 844 1845; x_wconf 91' lang='lat' dir='ltr'>si</span> <span class='ocrx_word' id='word_1_242' title='bbox 880 1810 966 1854; x_wconf 83' lang='lat' dir='ltr'>quis</span> <span class='ocrx_word' id='word_1_243' title='bbox 1001 1819 1117 1845; x_wconf 90' lang='lat' dir='ltr'>unum</span> <span class='ocrx_word' id='word_1_244' title='bbox 1154 1810 1202 1845; x_wconf 91' lang='lat' dir='ltr'>de</span> <span class='ocrx_word' id='word_1_245' title='bbox 1237 1810 1404 1854; x_wconf 85' lang='lat' dir='ltr'>captivis</span> <span class='ocrx_word' id='word_1_246' title='bbox 1439 1810 1642 1851; x_wconf 83' lang='lat' dir='ltr'>detineret,</span> <span class='ocrx_word' id='word_1_247' title='bbox 1677 1820 1748 1856; x_wconf 90' lang='lat' dir='ltr'>pro</span> <span class='ocrx_word' id='word_1_248' title='bbox 1784 1812 1944 1856; x_wconf 90' lang='lat' dir='ltr'>captivo</span> <span class='ocrx_word' id='word_1_249' title='bbox 1971 1813 2055 1857; x_wconf 91' lang='lat' dir='ltr'>ipse</span> 
     </span>
     <span class='ocr_line' id='line_1_24' title="bbox 202 1869 2051 1916; baseline 0.001 -10"><span class='ocrx_word' id='word_1_250' title='bbox 202 1871 381 1916; x_wconf 87' lang='lat' dir='ltr'>captivus</span> <span class='ocrx_word' id='word_1_251' title='bbox 407 1870 522 1906; x_wconf 83' lang='lat' dir='ltr'>fieret</span> <span class='ocrx_word' id='word_1_252' title='bbox 548 1872 588 1906; x_wconf 93' lang='lat' dir='ltr'>et</span> <span class='ocrx_word' id='word_1_253' title='bbox 613 1870 652 1905; x_wconf 90' lang='lat' dir='ltr'>in</span> <span class='ocrx_word' id='word_1_254' title='bbox 678 1869 842 1906; x_wconf 87' lang='lat' dir='ltr'>servitio</span> <span class='ocrx_word' id='word_1_255' title='bbox 870 1871 1046 1905; x_wconf 91' lang='lat' dir='ltr'>maneret</span> <span class='ocrx_word' id='word_1_256' title='bbox 1064 1869 1347 1914; x_wconf 87' lang='lat' dir='ltr'>archiepiscopi</span> <span class='ocrx_word' id='word_1_257' title='bbox 1374 1872 1586 1914; x_wconf 88' lang='lat' dir='ltr'>perpetuus</span> <span class='ocrx_word' id='word_1_258' title='bbox 1614 1870 1714 1913; x_wconf 88' lang='lat' dir='ltr'>exul,</span> <span class='ocrx_word' id='word_1_259' title='bbox 1741 1871 1886 1915; x_wconf 88' lang='lat' dir='ltr'>captivi</span> <span class='ocrx_word' id='word_1_260' title='bbox 1914 1881 2051 1907; x_wconf 89' lang='lat' dir='ltr'>omnes</span> 
     </span>
     <span class='ocr_line' id='line_1_25' title="bbox 201 1928 2055 1970; baseline 0.001 -4"><span class='ocrx_word' id='word_1_261' title='bbox 201 1931 468 1970; x_wconf 84' lang='lat' dir='ltr'>redderentur.</span> <span class='ocrx_word' id='word_1_262' title='bbox 494 1932 533 1965; x_wconf 93' lang='lat' dir='ltr'>et</span> <span class='ocrx_word' id='word_1_263' title='bbox 551 1932 680 1965; x_wconf 91' lang='lat' dir='ltr'>terrae</span> <span class='ocrx_word' id='word_1_264' title='bbox 698 1939 794 1966; x_wconf 91' lang='lat' dir='ltr'>suae</span> <span class='ocrx_word' id='word_1_265' title='bbox 812 1938 860 1965; x_wconf 87' lang='lat' dir='ltr'>ac</span> <span class='ocrx_word' id='word_1_266' title='bbox 879 1929 1040 1965; x_wconf 90' lang='lat' dir='ltr'>domino</span> <span class='ocrx_word' id='word_1_267' title='bbox 1061 1929 1371 1965; x_wconf 85' lang='lat' dir='ltr'>restituerentur.</span> <span class='ocrx_word' id='word_1_268' title='bbox 1398 1928 1608 1964; x_wconf 89' lang='lat' dir='ltr'>Sciendum</span> <span class='ocrx_word' id='word_1_269' title='bbox 1634 1931 1766 1965; x_wconf 88' lang='lat' dir='ltr'>autern</span> <span class='ocrx_word' id='word_1_270' title='bbox 1787 1930 1875 1965; x_wconf 86' lang='lat' dir='ltr'>huic</span> <span class='ocrx_word' id='word_1_271' title='bbox 1903 1931 1957 1966; x_wconf 86' lang='lat' dir='ltr'>rei</span> <span class='ocrx_word' id='word_1_272' title='bbox 1976 1941 2055 1967; x_wconf 92' lang='lat' dir='ltr'>non</span> 
     </span>
     <span class='ocr_line' id='line_1_26' title="bbox 202 1988 2055 2035; baseline 0.001 -10"><span class='ocrx_word' id='word_1_273' title='bbox 202 1990 399 2025; x_wconf 90' lang='lat' dir='ltr'>minimum</span> <span class='ocrx_word' id='word_1_274' title='bbox 420 1990 652 2034; x_wconf 88' lang='lat' dir='ltr'>opitulatum</span> <span class='ocrx_word' id='word_1_275' title='bbox 673 1989 796 2024; x_wconf 90' lang='lat' dir='ltr'>fuisse</span> <span class='ocrx_word' id='word_1_276' title='bbox 815 1989 995 2024; x_wconf 90' lang='lat' dir='ltr'>timorem</span> <span class='ocrx_word' id='word_1_277' title='bbox 1015 1988 1317 2033; x_wconf 85' lang='lat' dir='ltr'>archiepiscopi;</span> <span class='ocrx_word' id='word_1_278' title='bbox 1345 1988 1434 2033; x_wconf 85' lang='lat' dir='ltr'>quia</span> <span class='ocrx_word' id='word_1_279' title='bbox 1457 1998 1544 2024; x_wconf 89' lang='lat' dir='ltr'>cum</span> <span class='ocrx_word' id='word_1_280' title='bbox 1565 1989 1604 2024; x_wconf 92' lang='lat' dir='ltr'>in</span> <span class='ocrx_word' id='word_1_281' title='bbox 1623 1989 1788 2024; x_wconf 82' lang='lat' dir='ltr'>marchia</span> <span class='ocrx_word' id='word_1_282' title='bbox 1808 1999 1857 2025; x_wconf 92' lang='lat' dir='ltr'>eo</span> <span class='ocrx_word' id='word_1_283' title='bbox 1877 1992 2055 2035; x_wconf 89' lang='lat' dir='ltr'>tempore</span> 
     </span>
     <span class='ocr_line' id='line_1_27' title="bbox 200 2047 2054 2094; baseline 0 -9"><span class='ocrx_word' id='word_1_284' title='bbox 200 2050 353 2094; x_wconf 89' lang='lat' dir='ltr'>positus</span> <span class='ocrx_word' id='word_1_285' title='bbox 379 2051 486 2085; x_wconf 92' lang='lat' dir='ltr'>esset</span> <span class='ocrx_word' id='word_1_286' title='bbox 512 2058 599 2084; x_wconf 89' lang='lat' dir='ltr'>cum</span> <span class='ocrx_word' id='word_1_287' title='bbox 626 2049 840 2094; x_wconf 84' lang='lat' dir='ltr'>episcopis.</span> <span class='ocrx_word' id='word_1_288' title='bbox 868 2048 1144 2093; x_wconf 81' lang='lat' dir='ltr'>Ratisponensi</span> <span class='ocrx_word' id='word_1_289' title='bbox 1173 2047 1401 2089; x_wconf 85' lang='lat' dir='ltr'>Chuonone,</span> <span class='ocrx_word' id='word_1_290' title='bbox 1435 2048 1633 2083; x_wconf 83' lang='lat' dir='ltr'>Ekeberto</span> <span class='ocrx_word' id='word_1_291' title='bbox 1660 2057 1818 2093; x_wconf 84' lang='lat' dir='ltr'>quoque</span> <span class='ocrx_word' id='word_1_292' title='bbox 1843 2049 2054 2085; x_wconf 77' lang='lat' dir='ltr'>monaste-</span> 
     </span>
     <span class='ocr_line' id='line_1_28' title="bbox 200 2106 2054 2153; baseline 0 -9"><span class='ocrx_word' id='word_1_293' title='bbox 200 2109 318 2145; x_wconf 86' lang='lat' dir='ltr'>riensi</span> <span class='ocrx_word' id='word_1_294' title='bbox 340 2109 387 2144; x_wconf 93' lang='lat' dir='ltr'>de</span> <span class='ocrx_word' id='word_1_295' title='bbox 405 2108 624 2149; x_wconf 82' lang='lat' dir='ltr'>Westfalia,</span> <span class='ocrx_word' id='word_1_296' title='bbox 656 2117 729 2144; x_wconf 88' lang='lat' dir='ltr'>nec</span> <span class='ocrx_word' id='word_1_297' title='bbox 756 2117 835 2143; x_wconf 90' lang='lat' dir='ltr'>non</span> <span class='ocrx_word' id='word_1_298' title='bbox 856 2110 895 2142; x_wconf 91' lang='lat' dir='ltr'>et</span> <span class='ocrx_word' id='word_1_299' title='bbox 916 2106 1104 2143; x_wconf 89' lang='lat' dir='ltr'>Gurcensi</span> <span class='ocrx_word' id='word_1_300' title='bbox 1131 2106 1368 2147; x_wconf 86' lang='lat' dir='ltr'>Hildiboldo,</span> <span class='ocrx_word' id='word_1_301' title='bbox 1395 2107 1560 2151; x_wconf 84' lang='lat' dir='ltr'>aliisque</span> <span class='ocrx_word' id='word_1_302' title='bbox 1581 2108 1776 2144; x_wconf 89' lang='lat' dir='ltr'>nonnullis</span> <span class='ocrx_word' id='word_1_303' title='bbox 1803 2109 2054 2153; x_wconf 83' lang='lat' dir='ltr'>principibus,</span> 
     </span>
     <span class='ocr_line' id='line_1_29' title="bbox 200 2166 2052 2213; baseline 0 -9"><span class='ocrx_word' id='word_1_304' title='bbox 200 2169 305 2204; x_wconf 89' lang='lat' dir='ltr'>fama</span> <span class='ocrx_word' id='word_1_305' title='bbox 332 2170 556 2204; x_wconf 80' lang='lat' dir='ltr'>cucurrerat</span> <span class='ocrx_word' id='word_1_306' title='bbox 582 2177 653 2212; x_wconf 89' lang='lat' dir='ltr'>per</span> <span class='ocrx_word' id='word_1_307' title='bbox 677 2169 803 2203; x_wconf 88' lang='lat' dir='ltr'>totam</span> <span class='ocrx_word' id='word_1_308' title='bbox 823 2166 1047 2212; x_wconf 75' lang='lat' dir='ltr'>Ungariam,</span> <span class='ocrx_word' id='word_1_309' title='bbox 1074 2169 1113 2202; x_wconf 93' lang='lat' dir='ltr'>et</span> <span class='ocrx_word' id='word_1_310' title='bbox 1139 2170 1219 2202; x_wconf 84' lang='lat' dir='ltr'>tarn</span> <span class='ocrx_word' id='word_1_311' title='bbox 1248 2167 1446 2212; x_wconf 83' lang='lat' dir='ltr'>principes</span> <span class='ocrx_word' id='word_1_312' title='bbox 1474 2176 1590 2210; x_wconf 86' lang='lat' dir='ltr'>quam</span> <span class='ocrx_word' id='word_1_313' title='bbox 1617 2168 1840 2203; x_wconf 91' lang='lat' dir='ltr'>universum</span> <span class='ocrx_word' id='word_1_314' title='bbox 1868 2169 2052 2213; x_wconf 86' lang='lat' dir='ltr'>populum</span> 
     </span>
     <span class='ocr_line' id='line_1_30' title="bbox 199 2225 2052 2271; baseline -0.001 -7"><span class='ocrx_word' id='word_1_315' title='bbox 199 2229 237 2264; x_wconf 87' lang='lat' dir='ltr'>in</span> <span class='ocrx_word' id='word_1_316' title='bbox 271 2228 411 2264; x_wconf 90' lang='lat' dir='ltr'>timore</span> <span class='ocrx_word' id='word_1_317' title='bbox 445 2228 615 2263; x_wconf 85' lang='lat' dir='ltr'>maximo</span> <span class='ocrx_word' id='word_1_318' title='bbox 651 2228 850 2271; x_wconf 88' lang='lat' dir='ltr'>posuerat,</span> <span class='ocrx_word' id='word_1_319' title='bbox 884 2235 934 2262; x_wconf 92' lang='lat' dir='ltr'>eo</span> <span class='ocrx_word' id='word_1_320' title='bbox 967 2226 1072 2271; x_wconf 86' lang='lat' dir='ltr'>quod</span> <span class='ocrx_word' id='word_1_321' title='bbox 1107 2235 1195 2261; x_wconf 91' lang='lat' dir='ltr'>cum</span> <span class='ocrx_word' id='word_1_322' title='bbox 1234 2226 1409 2261; x_wconf 89' lang='lat' dir='ltr'>exercitu</span> <span class='ocrx_word' id='word_1_323' title='bbox 1446 2225 1600 2262; x_wconf 86' lang='lat' dir='ltr'>infinito</span> <span class='ocrx_word' id='word_1_324' title='bbox 1641 2226 1845 2262; x_wconf 83' lang='lat' dir='ltr'>marchiam</span> <span class='ocrx_word' id='word_1_325' title='bbox 1884 2228 2052 2263; x_wconf 85' lang='lat' dir='ltr'>intrasse</span> 
     </span>
     <span class='ocr_line' id='line_1_31' title="bbox 200 2284 2054 2331; baseline -0.001 -8"><span class='ocrx_word' id='word_1_326' title='bbox 200 2288 410 2323; x_wconf 90' lang='lat' dir='ltr'>diceretur:</span> <span class='ocrx_word' id='word_1_327' title='bbox 437 2289 479 2323; x_wconf 92' lang='lat' dir='ltr'>ut</span> <span class='ocrx_word' id='word_1_328' title='bbox 498 2288 624 2322; x_wconf 90' lang='lat' dir='ltr'>totam</span> <span class='ocrx_word' id='word_1_329' title='bbox 641 2289 786 2322; x_wconf 91' lang='lat' dir='ltr'>terram</span> <span class='ocrx_word' id='word_1_330' title='bbox 805 2285 1052 2331; x_wconf 74' lang='lat' dir='ltr'>Unqarorum</span> <span class='ocrx_word' id='word_1_331' title='bbox 1072 2286 1284 2322; x_wconf 88' lang='lat' dir='ltr'>invaderet.</span> <span class='ocrx_word' id='word_1_332' title='bbox 1309 2287 1348 2321; x_wconf 95' lang='lat' dir='ltr'>et</span> <span class='ocrx_word' id='word_1_333' title='bbox 1369 2294 1493 2329; x_wconf 85' lang='lat' dir='ltr'>usque</span> <span class='ocrx_word' id='word_1_334' title='bbox 1513 2284 1766 2330; x_wconf 72' lang='lat' dir='ltr'>Striqonium,</span> <span class='ocrx_word' id='word_1_335' title='bbox 1785 2295 1885 2330; x_wconf 84' lang='lat' dir='ltr'>quae</span> <span class='ocrx_word' id='word_1_336' title='bbox 1907 2289 2054 2322; x_wconf 89' lang='lat' dir='ltr'>metro-</span> 
     </span>
     <span class='ocr_line' id='line_1_32' title="bbox 199 2345 2052 2393; baseline -0.001 -10"><span class='ocrx_word' id='word_1_337' title='bbox 199 2348 300 2393; x_wconf 90' lang='lat' dir='ltr'>polis</span> <span class='ocrx_word' id='word_1_338' title='bbox 315 2347 423 2392; x_wconf 69' lang='lat' dir='ltr'>regni</span> <span class='ocrx_word' id='word_1_339' title='bbox 442 2348 504 2383; x_wconf 91' lang='lat' dir='ltr'>est</span> <span class='ocrx_word' id='word_1_340' title='bbox 522 2347 633 2387; x_wconf 80' lang='lat' dir='ltr'>illius,</span> <span class='ocrx_word' id='word_1_341' title='bbox 660 2346 770 2381; x_wconf 84' lang='lat' dir='ltr'>nichil</span> <span class='ocrx_word' id='word_1_342' title='bbox 790 2345 929 2381; x_wconf 91' lang='lat' dir='ltr'>vivens</span> <span class='ocrx_word' id='word_1_343' title='bbox 948 2346 1196 2390; x_wconf 83' lang='lat' dir='ltr'>relinqueret,</span> <span class='ocrx_word' id='word_1_344' title='bbox 1223 2346 1262 2380; x_wconf 91' lang='lat' dir='ltr'>in</span> <span class='ocrx_word' id='word_1_345' title='bbox 1282 2345 1470 2380; x_wconf 89' lang='lat' dir='ltr'>ultionem</span> <span class='ocrx_word' id='word_1_346' title='bbox 1491 2345 1623 2389; x_wconf 85' lang='lat' dir='ltr'>populi</span> <span class='ocrx_word' id='word_1_347' title='bbox 1642 2345 1702 2380; x_wconf 92' lang='lat' dir='ltr'>sui</span> <span class='ocrx_word' id='word_1_348' title='bbox 1723 2346 1761 2380; x_wconf 87' lang='lat' dir='ltr'>in</span> <span class='ocrx_word' id='word_1_349' title='bbox 1780 2345 2052 2390; x_wconf 87' lang='lat' dir='ltr'>captivitatem</span> 
     </span>
     <span class='ocr_line' id='line_1_33' title="bbox 198 2403 2050 2451; baseline -0.001 -9"><span class='ocrx_word' id='word_1_350' title='bbox 198 2407 357 2442; x_wconf 88' lang='lat' dir='ltr'>abducti</span> <span class='ocrx_word' id='word_1_351' title='bbox 383 2409 503 2451; x_wconf 87' lang='lat' dir='ltr'>atque</span> <span class='ocrx_word' id='word_1_352' title='bbox 529 2406 580 2441; x_wconf 90' lang='lat' dir='ltr'>ad</span> <span class='ocrx_word' id='word_1_353' title='bbox 606 2405 783 2441; x_wconf 88' lang='lat' dir='ltr'>iniuriam</span> <span class='ocrx_word' id='word_1_354' title='bbox 800 2405 937 2440; x_wconf 89' lang='lat' dir='ltr'>violati</span> <span class='ocrx_word' id='word_1_355' title='bbox 964 2404 1150 2445; x_wconf 87' lang='lat' dir='ltr'>foederis,</span> <span class='ocrx_word' id='word_1_356' title='bbox 1177 2413 1265 2440; x_wconf 91' lang='lat' dir='ltr'>cum</span> <span class='ocrx_word' id='word_1_357' title='bbox 1285 2404 1477 2440; x_wconf 85' lang='lat' dir='ltr'>adversus</span> <span class='ocrx_word' id='word_1_358' title='bbox 1499 2403 1682 2449; x_wconf 83' lang='lat' dir='ltr'>Un9aros</span> <span class='ocrx_word' id='word_1_359' title='bbox 1710 2405 1795 2449; x_wconf 87' lang='lat' dir='ltr'>ipse</span> <span class='ocrx_word' id='word_1_360' title='bbox 1823 2405 1933 2440; x_wconf 82' lang='lat' dir='ltr'>nichil</span> <span class='ocrx_word' id='word_1_361' title='bbox 1962 2406 2050 2441; x_wconf 86' lang='lat' dir='ltr'>mali</span> 
     </span>
     <span class='ocr_line' id='line_1_34' title="bbox 197 2464 2050 2509; baseline -0.002 -7"><span class='ocrx_word' id='word_1_362' title='bbox 197 2466 474 2502; x_wconf 89' lang='lat' dir='ltr'>commisisset.</span> <span class='ocrx_word' id='word_1_363' title='bbox 499 2465 593 2502; x_wconf 88' lang='lat' dir='ltr'>Cum</span> <span class='ocrx_word' id='word_1_364' title='bbox 620 2466 722 2501; x_wconf 90' lang='lat' dir='ltr'>enim</span> <span class='ocrx_word' id='word_1_365' title='bbox 747 2465 799 2500; x_wconf 87' lang='lat' dir='ltr'>ad</span> <span class='ocrx_word' id='word_1_366' title='bbox 819 2466 1076 2500; x_wconf 88' lang='lat' dir='ltr'>memoratam</span> <span class='ocrx_word' id='word_1_367' title='bbox 1096 2465 1297 2500; x_wconf 86' lang='lat' dir='ltr'>civitatem</span> <span class='ocrx_word' id='word_1_368' title='bbox 1319 2464 1529 2505; x_wconf 87' lang='lat' dir='ltr'>venissem,</span> <span class='ocrx_word' id='word_1_369' title='bbox 1556 2466 1595 2500; x_wconf 91' lang='lat' dir='ltr'>et</span> <span class='ocrx_word' id='word_1_370' title='bbox 1614 2466 1695 2499; x_wconf 89' lang='lat' dir='ltr'>tam</span> <span class='ocrx_word' id='word_1_371' title='bbox 1714 2464 2050 2509; x_wconf 84' lang='lat' dir='ltr'>archiepiscopum</span> 
     </span>
     <span class='ocr_line' id='line_1_35' title="bbox 199 2524 2052 2571; baseline -0.001 -9"><span class='ocrx_word' id='word_1_372' title='bbox 199 2536 315 2571; x_wconf 83' lang='lat' dir='ltr'>quarn</span> <span class='ocrx_word' id='word_1_373' title='bbox 334 2526 556 2562; x_wconf 89' lang='lat' dir='ltr'>universum</span> <span class='ocrx_word' id='word_1_374' title='bbox 575 2525 760 2570; x_wconf 88' lang='lat' dir='ltr'>populum</span> <span class='ocrx_word' id='word_1_375' title='bbox 781 2525 820 2559; x_wconf 90' lang='lat' dir='ltr'>in</span> <span class='ocrx_word' id='word_1_376' title='bbox 838 2524 905 2559; x_wconf 87' lang='lat' dir='ltr'>tali</span> <span class='ocrx_word' id='word_1_377' title='bbox 925 2525 1126 2560; x_wconf 83' lang='lat' dir='ltr'>anxietate</span> <span class='ocrx_word' id='word_1_378' title='bbox 1145 2524 1395 2565; x_wconf 82' lang='lat' dir='ltr'>invenissem.</span> <span class='ocrx_word' id='word_1_379' title='bbox 1423 2524 1610 2568; x_wconf 85' lang='lat' dir='ltr'>michique</span> <span class='ocrx_word' id='word_1_380' title='bbox 1638 2524 1831 2559; x_wconf 89' lang='lat' dir='ltr'>diceretur</span> <span class='ocrx_word' id='word_1_381' title='bbox 1851 2525 2052 2568; x_wconf 77' lang='lat' dir='ltr'>quomodo</span> 
     </span>
     <span class='ocr_line' id='line_1_36' title="bbox 198 2583 2051 2628; baseline -0.001 -7"><span class='ocrx_word' id='word_1_382' title='bbox 198 2595 318 2622; x_wconf 81' lang='lat' dir='ltr'>ausus</span> <span class='ocrx_word' id='word_1_383' title='bbox 345 2585 507 2620; x_wconf 86' lang='lat' dir='ltr'>fuissem</span> <span class='ocrx_word' id='word_1_384' title='bbox 534 2585 678 2620; x_wconf 88' lang='lat' dir='ltr'>intrare</span> <span class='ocrx_word' id='word_1_385' title='bbox 704 2585 848 2619; x_wconf 88' lang='lat' dir='ltr'>terram</span> <span class='ocrx_word' id='word_1_386' title='bbox 876 2592 991 2628; x_wconf 88' lang='lat' dir='ltr'>quam</span> <span class='ocrx_word' id='word_1_387' title='bbox 1029 2583 1268 2628; x_wconf 90' lang='lat' dir='ltr'>spoliaturus</span> <span class='ocrx_word' id='word_1_388' title='bbox 1294 2583 1471 2618; x_wconf 89' lang='lat' dir='ltr'>venisset</span> <span class='ocrx_word' id='word_1_389' title='bbox 1498 2583 1678 2618; x_wconf 90' lang='lat' dir='ltr'>dominus</span> <span class='ocrx_word' id='word_1_390' title='bbox 1706 2592 1827 2623; x_wconf 89' lang='lat' dir='ltr'>meus,</span> <span class='ocrx_word' id='word_1_391' title='bbox 1865 2592 1936 2618; x_wconf 87' lang='lat' dir='ltr'>nec</span> <span class='ocrx_word' id='word_1_392' title='bbox 1964 2584 2051 2619; x_wconf 90' lang='lat' dir='ltr'>illos</span> 
     </span>
     <span class='ocr_line' id='line_1_37' title="bbox 198 2642 2049 2687; baseline -0.002 -7"><span class='ocrx_word' id='word_1_393' title='bbox 198 2643 360 2681; x_wconf 89' lang='lat' dir='ltr'>omnino</span> <span class='ocrx_word' id='word_1_394' title='bbox 385 2653 549 2680; x_wconf 92' lang='lat' dir='ltr'>securos</span> <span class='ocrx_word' id='word_1_395' title='bbox 576 2643 708 2679; x_wconf 85' lang='lat' dir='ltr'>facere</span> <span class='ocrx_word' id='word_1_396' title='bbox 733 2643 884 2686; x_wconf 90' lang='lat' dir='ltr'>volens,</span> <span class='ocrx_word' id='word_1_397' title='bbox 920 2652 990 2679; x_wconf 90' lang='lat' dir='ltr'>nec</span> <span class='ocrx_word' id='word_1_398' title='bbox 1018 2643 1219 2678; x_wconf 90' lang='lat' dir='ltr'>dominum</span> <span class='ocrx_word' id='word_1_399' title='bbox 1254 2652 1382 2678; x_wconf 90' lang='lat' dir='ltr'>meum</span> <span class='ocrx_word' id='word_1_400' title='bbox 1410 2643 1484 2678; x_wconf 90' lang='lat' dir='ltr'>hoc</span> <span class='ocrx_word' id='word_1_401' title='bbox 1512 2642 1618 2687; x_wconf 85' lang='lat' dir='ltr'>quod</span> <span class='ocrx_word' id='word_1_402' title='bbox 1643 2643 1831 2678; x_wconf 86' lang='lat' dir='ltr'>timebant</span> <span class='ocrx_word' id='word_1_403' title='bbox 1857 2642 2049 2678; x_wconf 89' lang='lat' dir='ltr'>facturum</span> 
     </span>
     <span class='ocr_line' id='line_1_38' title="bbox 198 2701 2048 2749; baseline -0.001 -9"><span class='ocrx_word' id='word_1_404' title='bbox 198 2704 358 2740; x_wconf 90' lang='lat' dir='ltr'>omnino</span> <span class='ocrx_word' id='word_1_405' title='bbox 385 2713 546 2749; x_wconf 72' lang='lat' dir='ltr'>negans,</span> <span class='ocrx_word' id='word_1_406' title='bbox 581 2703 784 2746; x_wconf 87' lang='lat' dir='ltr'>respondi:</span> <span class='ocrx_word' id='word_1_407' title='bbox 810 2702 896 2738; x_wconf 91' lang='lat' dir='ltr'>Non</span> <span class='ocrx_word' id='word_1_408' title='bbox 923 2703 980 2738; x_wconf 94' lang='lat' dir='ltr'>sic</span> <span class='ocrx_word' id='word_1_409' title='bbox 1006 2703 1111 2738; x_wconf 89' lang='lat' dir='ltr'>venit</span> <span class='ocrx_word' id='word_1_410' title='bbox 1138 2702 1213 2738; x_wconf 91' lang='lat' dir='ltr'>hoc</span> <span class='ocrx_word' id='word_1_411' title='bbox 1243 2703 1422 2746; x_wconf 89' lang='lat' dir='ltr'>tempore</span> <span class='ocrx_word' id='word_1_412' title='bbox 1457 2701 1637 2737; x_wconf 90' lang='lat' dir='ltr'>dominus</span> <span class='ocrx_word' id='word_1_413' title='bbox 1665 2711 1785 2743; x_wconf 88' lang='lat' dir='ltr'>meus.</span> <span class='ocrx_word' id='word_1_414' title='bbox 1820 2702 1890 2737; x_wconf 91' lang='lat' dir='ltr'>sed</span> <span class='ocrx_word' id='word_1_415' title='bbox 1917 2703 2048 2746; x_wconf 90' lang='lat' dir='ltr'>potius</span> 
     </span>
     <span class='ocr_line' id='line_1_39' title="bbox 197 2761 2049 2808; baseline 0 -10"><span class='ocrx_word' id='word_1_416' title='bbox 197 2763 325 2799; x_wconf 89' lang='lat' dir='ltr'>adhuc</span> <span class='ocrx_word' id='word_1_417' title='bbox 351 2765 561 2808; x_wconf 84' lang='lat' dir='ltr'>expectare</span> <span class='ocrx_word' id='word_1_418' title='bbox 579 2772 666 2798; x_wconf 87' lang='lat' dir='ltr'>eum</span> <span class='ocrx_word' id='word_1_419' title='bbox 687 2763 944 2808; x_wconf 86' lang='lat' dir='ltr'>disposuisse,</span> <span class='ocrx_word' id='word_1_420' title='bbox 970 2762 1184 2798; x_wconf 85' lang='lat' dir='ltr'>si·redditis</span> <span class='ocrx_word' id='word_1_421' title='bbox 1206 2763 1372 2807; x_wconf 84' lang='lat' dir='ltr'>captivis</span> <span class='ocrx_word' id='word_1_422' title='bbox 1399 2761 1539 2797; x_wconf 90' lang='lat' dir='ltr'>foedus</span> <span class='ocrx_word' id='word_1_423' title='bbox 1559 2762 1694 2797; x_wconf 91' lang='lat' dir='ltr'>initum</span> <span class='ocrx_word' id='word_1_424' title='bbox 1715 2771 1873 2797; x_wconf 89' lang='lat' dir='ltr'>servare</span> <span class='ocrx_word' id='word_1_425' title='bbox 1892 2763 2049 2798; x_wconf 89' lang='lat' dir='ltr'>vellent.</span> 
     </span>
     <span class='ocr_line' id='line_1_40' title="bbox 197 2821 2048 2868; baseline -0.002 -9"><span class='ocrx_word' id='word_1_426' title='bbox 197 2823 281 2859; x_wconf 87' lang='lat' dir='ltr'>Hoc</span> <span class='ocrx_word' id='word_1_427' title='bbox 309 2831 502 2867; x_wconf 87' lang='lat' dir='ltr'>responso</span> <span class='ocrx_word' id='word_1_428' title='bbox 521 2822 667 2862; x_wconf 84' lang='lat' dir='ltr'>audito,</span> <span class='ocrx_word' id='word_1_429' title='bbox 694 2822 849 2858; x_wconf 90' lang='lat' dir='ltr'>nuntius</span> <span class='ocrx_word' id='word_1_430' title='bbox 876 2822 927 2857; x_wconf 90' lang='lat' dir='ltr'>ad</span> <span class='ocrx_word' id='word_1_431' title='bbox 948 2831 1079 2868; x_wconf 71' lang='lat' dir='ltr'>regern</span> <span class='ocrx_word' id='word_1_432' title='bbox 1108 2822 1294 2867; x_wconf 70' lang='lat' dir='ltr'>dirigitur,</span> <span class='ocrx_word' id='word_1_433' title='bbox 1323 2823 1387 2866; x_wconf 78' lang='lat' dir='ltr'>qui</span> <span class='ocrx_word' id='word_1_434' title='bbox 1414 2824 1506 2857; x_wconf 89' lang='lat' dir='ltr'>tunc</span> <span class='ocrx_word' id='word_1_435' title='bbox 1532 2821 1571 2856; x_wconf 91' lang='lat' dir='ltr'>in</span> <span class='ocrx_word' id='word_1_436' title='bbox 1590 2821 1754 2856; x_wconf 89' lang='lat' dir='ltr'>marchia</span> <span class='ocrx_word' id='word_1_437' title='bbox 1782 2821 2048 2857; x_wconf 85' lang='lat' dir='ltr'>Ruthenorum</span> 
     </span>
     <span class='ocr_line' id='line_1_41' title="bbox 198 2881 2048 2926; baseline -0.001 -8"><span class='ocrx_word' id='word_1_438' title='bbox 198 2883 440 2923; x_wconf 87' lang='lat' dir='ltr'>morabatur;</span> <span class='ocrx_word' id='word_1_439' title='bbox 476 2883 516 2917; x_wconf 93' lang='lat' dir='ltr'>et</span> <span class='ocrx_word' id='word_1_440' title='bbox 546 2881 619 2917; x_wconf 90' lang='lat' dir='ltr'>sub</span> <span class='ocrx_word' id='word_1_441' title='bbox 654 2881 907 2917; x_wconf 86' lang='lat' dir='ltr'>festinatione</span> <span class='ocrx_word' id='word_1_442' title='bbox 939 2882 1084 2926; x_wconf 88' lang='lat' dir='ltr'>captivi</span> <span class='ocrx_word' id='word_1_443' title='bbox 1119 2890 1257 2917; x_wconf 88' lang='lat' dir='ltr'>omnes</span> <span class='ocrx_word' id='word_1_444' title='bbox 1284 2891 1371 2916; x_wconf 90' lang='lat' dir='ltr'>cum</span> <span class='ocrx_word' id='word_1_445' title='bbox 1405 2882 1587 2916; x_wconf 86' lang='lat' dir='ltr'>universa</span> <span class='ocrx_word' id='word_1_446' title='bbox 1614 2881 1760 2925; x_wconf 88' lang='lat' dir='ltr'>praeda</span> <span class='ocrx_word' id='word_1_447' title='bbox 1799 2883 1927 2916; x_wconf 88' lang='lat' dir='ltr'>terrae</span> <span class='ocrx_word' id='word_1_448' title='bbox 1953 2890 2048 2916; x_wconf 91' lang='lat' dir='ltr'>suae</span> 
     </span>
     <span class='ocr_line' id='line_1_42' title="bbox 197 2939 2050 2985; baseline -0.001 -8"><span class='ocrx_word' id='word_1_449' title='bbox 197 2942 465 2978; x_wconf 87' lang='lat' dir='ltr'>restituuntur.</span> <span class='ocrx_word' id='word_1_450' title='bbox 492 2939 703 2976; x_wconf 90' lang='lat' dir='ltr'>Sciendum</span> <span class='ocrx_word' id='word_1_451' title='bbox 729 2950 886 2985; x_wconf 84' lang='lat' dir='ltr'>quoque</span> <span class='ocrx_word' id='word_1_452' title='bbox 913 2941 1129 2976; x_wconf 88' lang='lat' dir='ltr'>occasione</span> <span class='ocrx_word' id='word_1_453' title='bbox 1156 2943 1195 2976; x_wconf 91' lang='lat' dir='ltr'>et</span> <span class='ocrx_word' id='word_1_454' title='bbox 1221 2940 1366 2976; x_wconf 86' lang='lat' dir='ltr'>fiducia</span> <span class='ocrx_word' id='word_1_455' title='bbox 1387 2942 1522 2975; x_wconf 89' lang='lat' dir='ltr'>tantae</span> <span class='ocrx_word' id='word_1_456' title='bbox 1543 2940 1779 2976; x_wconf 90' lang='lat' dir='ltr'>concordiae</span> <span class='ocrx_word' id='word_1_457' title='bbox 1799 2940 1899 2975; x_wconf 91' lang='lat' dir='ltr'>inter</span> <span class='ocrx_word' id='word_1_458' title='bbox 1917 2949 2050 2985; x_wconf 69' lang='lat' dir='ltr'>regem</span> 
     </span>
     <span class='ocr_line' id='line_1_43' title="bbox 198 2999 2048 3044; baseline -0.001 -8"><span class='ocrx_word' id='word_1_459' title='bbox 198 3003 236 3037; x_wconf 87' lang='lat' dir='ltr'>et</span> <span class='ocrx_word' id='word_1_460' title='bbox 262 3001 595 3044; x_wconf 86' lang='lat' dir='ltr'>archiepiscopum</span> <span class='ocrx_word' id='word_1_461' title='bbox 620 2999 800 3035; x_wconf 88' lang='lat' dir='ltr'>firmatae</span> <span class='ocrx_word' id='word_1_462' title='bbox 820 3009 900 3036; x_wconf 86' lang='lat' dir='ltr'>non</span> <span class='ocrx_word' id='word_1_463' title='bbox 919 3000 1046 3036; x_wconf 90' lang='lat' dir='ltr'>solum</span> <span class='ocrx_word' id='word_1_464' title='bbox 1072 3002 1214 3035; x_wconf 90' lang='lat' dir='ltr'>terram</span> <span class='ocrx_word' id='word_1_465' title='bbox 1234 2999 1501 3044; x_wconf 87' lang='lat' dir='ltr'>episcopalem</span> <span class='ocrx_word' id='word_1_466' title='bbox 1522 3000 1686 3044; x_wconf 83' lang='lat' dir='ltr'>antiquo</span> <span class='ocrx_word' id='word_1_467' title='bbox 1705 3000 1824 3035; x_wconf 90' lang='lat' dir='ltr'>cultui</span> <span class='ocrx_word' id='word_1_468' title='bbox 1845 3000 2048 3040; x_wconf 84' lang='lat' dir='ltr'>redditam,</span> 
     </span>
     <span class='ocr_line' id='line_1_44' title="bbox 196 3059 2046 3104; baseline -0.001 -9"><span class='ocrx_word' id='word_1_469' title='bbox 196 3069 330 3095; x_wconf 91' lang='lat' dir='ltr'>verum</span> <span class='ocrx_word' id='word_1_470' title='bbox 366 3059 485 3095; x_wconf 89' lang='lat' dir='ltr'>etiam</span> <span class='ocrx_word' id='word_1_471' title='bbox 518 3060 644 3094; x_wconf 88' lang='lat' dir='ltr'>totam</span> <span class='ocrx_word' id='word_1_472' title='bbox 676 3060 883 3095; x_wconf 88' lang='lat' dir='ltr'>marchiam</span> <span class='ocrx_word' id='word_1_473' title='bbox 917 3060 1030 3102; x_wconf 90' lang='lat' dir='ltr'>villis,</span> <span class='ocrx_word' id='word_1_474' title='bbox 1064 3059 1204 3094; x_wconf 85' lang='lat' dir='ltr'>castris</span> <span class='ocrx_word' id='word_1_475' title='bbox 1239 3062 1277 3094; x_wconf 94' lang='lat' dir='ltr'>et</span> <span class='ocrx_word' id='word_1_476' title='bbox 1310 3059 1526 3095; x_wconf 92' lang='lat' dir='ltr'>cultoribus</span> <span class='ocrx_word' id='word_1_477' title='bbox 1560 3059 1612 3094; x_wconf 91' lang='lat' dir='ltr'>ita</span> <span class='ocrx_word' id='word_1_478' title='bbox 1649 3059 1850 3104; x_wconf 85' lang='lat' dir='ltr'>repletam.</span> <span class='ocrx_word' id='word_1_479' title='bbox 1882 3060 1982 3094; x_wconf 91' lang='lat' dir='ltr'>sicut</span> <span class='ocrx_word' id='word_1_480' title='bbox 2010 3060 2046 3094; x_wconf 91' lang='lat' dir='ltr'>in</span> 
     </span>
     <span class='ocr_line' id='line_1_45' title="bbox 196 3117 2047 3163; baseline -0.001 -9"><span class='ocrx_word' id='word_1_481' title='bbox 196 3119 480 3163; x_wconf 86' lang='lat' dir='ltr'>presentiarum</span> <span class='ocrx_word' id='word_1_482' title='bbox 507 3117 687 3158; x_wconf 86' lang='lat' dir='ltr'>cernitur,</span> <span class='ocrx_word' id='word_1_483' title='bbox 714 3120 756 3153; x_wconf 92' lang='lat' dir='ltr'>ut</span> <span class='ocrx_word' id='word_1_484' title='bbox 777 3118 913 3154; x_wconf 87' lang='lat' dir='ltr'>melior</span> <span class='ocrx_word' id='word_1_485' title='bbox 938 3119 1057 3154; x_wconf 92' lang='lat' dir='ltr'>modo</span> <span class='ocrx_word' id='word_1_486' title='bbox 1083 3128 1173 3154; x_wconf 86' lang='lat' dir='ltr'>esse</span> <span class='ocrx_word' id='word_1_487' title='bbox 1199 3118 1319 3163; x_wconf 73' lang='lat' dir='ltr'>longe</span> <span class='ocrx_word' id='word_1_488' title='bbox 1345 3118 1538 3159; x_wconf 85' lang='lat' dir='ltr'>credatur,</span> <span class='ocrx_word' id='word_1_489' title='bbox 1566 3127 1682 3162; x_wconf 83' lang='lat' dir='ltr'>quam</span> <span class='ocrx_word' id='word_1_490' title='bbox 1702 3118 1873 3162; x_wconf 85' lang='lat' dir='ltr'>antiquis</span> <span class='ocrx_word' id='word_1_491' title='bbox 1892 3120 2047 3162; x_wconf 79' lang='lat' dir='ltr'>tempo-</span> 
     </span>
     <span class='ocr_line' id='line_1_46' title="bbox 197 3176 2048 3223; baseline -0.001 -10"><span class='ocrx_word' id='word_1_492' title='bbox 197 3178 302 3213; x_wconf 89' lang='lat' dir='ltr'>ribus</span> <span class='ocrx_word' id='word_1_493' title='bbox 329 3177 461 3218; x_wconf 84' lang='lat' dir='ltr'>fuerit;</span> <span class='ocrx_word' id='word_1_494' title='bbox 498 3186 586 3212; x_wconf 90' lang='lat' dir='ltr'>cum</span> <span class='ocrx_word' id='word_1_495' title='bbox 613 3176 813 3213; x_wconf 86' lang='lat' dir='ltr'>fertilitate</span> <span class='ocrx_word' id='word_1_496' title='bbox 840 3180 880 3213; x_wconf 93' lang='lat' dir='ltr'>et</span> <span class='ocrx_word' id='word_1_497' title='bbox 906 3178 1011 3214; x_wconf 87' lang='lat' dir='ltr'>omni</span> <span class='ocrx_word' id='word_1_498' title='bbox 1038 3177 1171 3223; x_wconf 89' lang='lat' dir='ltr'>specie</span> <span class='ocrx_word' id='word_1_499' title='bbox 1198 3177 1375 3213; x_wconf 87' lang='lat' dir='ltr'>utilitatis</span> <span class='ocrx_word' id='word_1_500' title='bbox 1403 3185 1483 3212; x_wconf 91' lang='lat' dir='ltr'>non</span> <span class='ocrx_word' id='word_1_501' title='bbox 1510 3178 1670 3213; x_wconf 88' lang='lat' dir='ltr'>multum</span> <span class='ocrx_word' id='word_1_502' title='bbox 1697 3177 1844 3213; x_wconf 89' lang='lat' dir='ltr'>distare</span> <span class='ocrx_word' id='word_1_503' title='bbox 1869 3177 2048 3212; x_wconf 89' lang='lat' dir='ltr'>videatur</span> 
     </span>
    </p>
   </div>
   <div class='ocr_carea' id='block_1_4' title="bbox 196 3235 2046 3336">
    <p class='ocr_par' dir='ltr' id='par_1_5' title="bbox 196 3235 2046 3336">
     <span class='ocr_line' id='line_1_47' title="bbox 196 3235 2046 3281; baseline -0.001 -9"><span class='ocrx_word' id='word_1_504' title='bbox 196 3237 247 3272; x_wconf 89' lang='lat' dir='ltr'>ab</span> <span class='ocrx_word' id='word_1_505' title='bbox 274 3235 443 3277; x_wconf 82' lang='lat' dir='ltr'>Austria,</span> <span class='ocrx_word' id='word_1_506' title='bbox 478 3238 517 3271; x_wconf 92' lang='lat' dir='ltr'>et</span> <span class='ocrx_word' id='word_1_507' title='bbox 549 3235 755 3272; x_wconf 90' lang='lat' dir='ltr'>distractio</span> <span class='ocrx_word' id='word_1_508' title='bbox 787 3246 834 3272; x_wconf 90' lang='lat' dir='ltr'>ac</span> <span class='ocrx_word' id='word_1_509' title='bbox 860 3237 1035 3273; x_wconf 88' lang='lat' dir='ltr'>venditio</span> <span class='ocrx_word' id='word_1_510' title='bbox 1068 3237 1267 3273; x_wconf 90' lang='lat' dir='ltr'>hominum</span> <span class='ocrx_word' id='word_1_511' title='bbox 1300 3236 1500 3281; x_wconf 86' lang='lat' dir='ltr'>utriusque</span> <span class='ocrx_word' id='word_1_512' title='bbox 1533 3246 1663 3278; x_wconf 85' lang='lat' dir='ltr'>sexus,</span> <span class='ocrx_word' id='word_1_513' title='bbox 1697 3245 1799 3280; x_wconf 86' lang='lat' dir='ltr'>quae</span> <span class='ocrx_word' id='word_1_514' title='bbox 1832 3236 2046 3280; x_wconf 86' lang='lat' dir='ltr'>antiquitus</span> 
     </span>
     <span class='ocr_line' id='line_1_48' title="bbox 196 3295 1277 3336; baseline 0 -5"><span class='ocrx_word' id='word_1_515' title='bbox 196 3295 342 3331; x_wconf 89' lang='lat' dir='ltr'>usitata</span> <span class='ocrx_word' id='word_1_516' title='bbox 369 3295 509 3336; x_wconf 85' lang='lat' dir='ltr'>extitit.</span> <span class='ocrx_word' id='word_1_517' title='bbox 536 3304 637 3331; x_wconf 89' lang='lat' dir='ltr'>nunc</span> <span class='ocrx_word' id='word_1_518' title='bbox 663 3295 860 3332; x_wconf 88' lang='lat' dir='ltr'>rarissima</span> <span class='ocrx_word' id='word_1_519' title='bbox 888 3297 966 3332; x_wconf 89' lang='lat' dir='ltr'>imo</span> <span class='ocrx_word' id='word_1_520' title='bbox 993 3296 1166 3332; x_wconf 86' lang='lat' dir='ltr'>inaudita</span> <span class='ocrx_word' id='word_1_521' title='bbox 1193 3296 1277 3331; x_wconf 52' lang='lat' dir='ltr'>sits</span> 
     </span>
    </p>
   </div>
   <div class='ocr_carea' id='block_1_5' title="bbox 198 3354 482 3363">
    <p class='ocr_par' dir='ltr' id='par_1_6' title="bbox 198 3354 482 3363">
     <span class='ocr_line' id='line_1_49' title="bbox 198 3354 482 3363; baseline 0 0"><span class='ocrx_word' id='word_1_522' title='bbox 198 3354 482 3363; x_wconf 95' lang='lat' dir='ltr'> </span> 
     </span>
    </p>
   </div>
   <div class='ocr_carea' id='block_1_6' title="bbox 196 3386 2044 3472">
    <p class='ocr_par' dir='ltr' id='par_1_7' title="bbox 196 3386 2044 3472">
     <span class='ocr_line' id='line_1_50' title="bbox 337 3386 2044 3425; baseline -0.002 -9"><span class='ocrx_word' id='word_1_523' title='bbox 337 3388 348 3406; x_wconf 86' lang='lat'><strong>¹</strong></span> <span class='ocrx_word' id='word_1_524' title='bbox 367 3387 508 3417; x_wconf 77' lang='lat' dir='ltr'>Namree</span> <span class='ocrx_word' id='word_1_525' title='bbox 534 3387 649 3421; x_wconf 82' lang='lat' dir='ltr'>takrat.</span> <span class='ocrx_word' id='word_1_526' title='bbox 676 3387 718 3418; x_wconf 84' lang='lat' dir='ltr'>ko</span> <span class='ocrx_word' id='word_1_527' title='bbox 743 3389 774 3424; x_wconf 89' lang='lat' dir='ltr'>je</span> <span class='ocrx_word' id='word_1_528' title='bbox 800 3389 906 3418; x_wconf 77' lang='lat' dir='ltr'>nasta!</span> <span class='ocrx_word' id='word_1_529' title='bbox 933 3390 966 3417; x_wconf 85' lang='lat' dir='ltr'>tu</span> <span class='ocrx_word' id='word_1_530' title='bbox 993 3390 1154 3424; x_wconf 74' lang='lat' dir='ltr'>omenieni</span> <span class='ocrx_word' id='word_1_531' title='bbox 1180 3389 1345 3425; x_wconf 80' lang='lat' dir='ltr'>zivotopis</span> <span class='ocrx_word' id='word_1_532' title='bbox 1372 3389 1634 3425; x_wconf 74' lang='lat' dir='ltr'>soluoqraskeqa</span> <span class='ocrx_word' id='word_1_533' title='bbox 1662 3388 1822 3418; x_wconf 79' lang='lat' dir='ltr'>nadskofa</span> <span class='ocrx_word' id='word_1_534' title='bbox 1850 3387 2003 3417; x_wconf 85' lang='lat' dir='ltr'>Konrada</span> <span class='ocrx_word' id='word_1_535' title='bbox 2025 3386 2044 3414; x_wconf 86' lang='lat'>1.</span> 
     </span>
     <span class='ocr_line' id='line_1_51' title="bbox 196 3433 2044 3472; baseline -0.001 -9"><span class='ocrx_word' id='word_1_536' title='bbox 196 3434 326 3464; x_wconf 77' lang='lat' dir='ltr'>Doticni</span> <span class='ocrx_word' id='word_1_537' title='bbox 339 3434 467 3471; x_wconf 82' lang='lat' dir='ltr'>pisatelj</span> <span class='ocrx_word' id='word_1_538' title='bbox 488 3435 519 3471; x_wconf 85' lang='lat' dir='ltr'>je</span> <span class='ocrx_word' id='word_1_539' title='bbox 533 3435 638 3471; x_wconf 83' lang='lat' dir='ltr'>opisal</span> <span class='ocrx_word' id='word_1_540' title='bbox 656 3435 808 3471; x_wconf 78' lang='lat' dir='ltr'>zivlienje</span> <span class='ocrx_word' id='word_1_541' title='bbox 828 3439 990 3472; x_wconf 73' lang='lat' dir='ltr'>receneqa</span> <span class='ocrx_word' id='word_1_542' title='bbox 1010 3435 1171 3466; x_wconf 77' lang='lat' dir='ltr'>nadskofa</span> <span class='ocrx_word' id='word_1_543' title='bbox 1192 3436 1265 3465; x_wconf 90' lang='lat' dir='ltr'>med</span> <span class='ocrx_word' id='word_1_544' title='bbox 1280 3436 1378 3467; x_wconf 85' lang='lat' dir='ltr'>letom</span> <span class='ocrx_word' id='word_1_545' title='bbox 1400 3437 1477 3465; x_wconf 87' lang='lat'>1170.</span> <span class='ocrx_word' id='word_1_546' title='bbox 1497 3437 1527 3465; x_wconf 90' lang='lat' dir='ltr'>in</span> <span class='ocrx_word' id='word_1_547' title='bbox 1549 3437 1627 3465; x_wconf 80' lang='lat'>1177.</span> <span class='ocrx_word' id='word_1_548' title='bbox 1650 3435 1731 3472; x_wconf 85' lang='lat' dir='ltr'>(Glej</span> <span class='ocrx_word' id='word_1_549' title='bbox 1747 3435 1824 3465; x_wconf 76' lang='grc' dir='ltr'>ΜΟ.</span> <span class='ocrx_word' id='word_1_550' title='bbox 1839 3435 1906 3466; x_wconf 83' lang='lat' dir='ltr'>SS..</span> <span class='ocrx_word' id='word_1_551' title='bbox 1927 3434 1975 3466; x_wconf 85' lang='lat' dir='ltr'>xl.</span> <span class='ocrx_word' id='word_1_552' title='bbox 1989 3433 2044 3468; x_wconf 81' lang='lat'><strong>62.)</strong></span> 
     </span>
    </p>
   </div>
  </div>
 </body>
</html>
