2306 3724
1085 298 1141 342 St.
1159 306 1215 342 70.
2024 307 2065 341 ιιι

222 455 272 486 se
305 445 346 498 je
381 445 486 488 brez
521 457 722 500 ugovora
770 444 947 498 polastil
988 444 1132 496 svojih
1178 448 1404 496 posestev.
1454 443 1628 487 Cerkev
1671 446 1711 498 je
1745 444 1874 486 imela
1921 449 2070 499 potem

220 516 300 557 mir
331 516 470 559 toliko
503 519 624 567 casa,
658 516 814 558 dokler
844 516 885 570 Je
918 516 1034 558 Zivel
1068 515 1264 558 nadskof
1299 515 1491 558 Konrad.

363 577 467 615 Vita
500 577 725 615 chum-adi
760 578 972 624 archiep..
1008 588 1040 614 c.
1079 579 1121 615 16
1147 577 1252 622 (ΜΟ.
1280 578 1360 619 SS..
1395 579 1456 619 XI,
1488 578 1544 622 72,
1571 578 1650 622 73):
1690 579 1808 623 „Post
1842 581 1944 615 hunc
1980 588 2071 623 per—

218 640 423 674 secutores
459 639 594 674 habuit
628 638 744 674 alium
783 638 1016 679 Heinricum,
1056 638 1121 683 qui
1156 639 1283 674 iunior
1320 638 1606 683 appellabatur,
1645 640 1683 674 et
1727 638 1847 683 priori
1887 639 2070 674 Heinrico

221 700 374 733 mortuo
408 697 593 734 ducatum
620 697 848 733 Karinthiae
883 697 1062 740 obtinuit,
1098 699 1137 732 et
1164 696 1303 732 fratres
1331 697 1414 732 eius
1441 697 1709 742 Engilbertum
1736 700 1776 734 et
1802 697 2070 734 Bernhardum

219 756 415 792 comitem.
459 756 539 792 Sed
573 756 776 792 Heinricus
811 756 955 792 festina
995 759 1119 792 morte
1154 756 1345 799 sublatus,
1384 756 1611 801 Engilberto
1651 756 1760 792 fratri
1800 757 2071 793 crudelitatem

219 825 336 859 quam
363 818 499 852 contra
534 816 743 852 ecclesiam
778 816 1022 851 excitaverat
1055 816 1371 860 prosequendam
1402 825 1489 851 cum
1517 816 1662 851 ducatu
1690 816 1907 860 dereliquit.
1947 814 2071 860 Quem

218 871 351 905 tamen
377 869 553 914 prefatus
579 869 792 914 episcopus
819 868 1029 905 Gurcensis
1056 878 1178 914 parva
1207 869 1469 904 ministrorum
1495 878 1667 910 suorum,
1693 871 1732 905 et
1760 879 1902 915 magna
1928 870 2072 905 virtute

220 928 363 970 divina,
390 928 542 964 fortiter
568 929 776 973 depressit.
818 928 929 965 Unde
956 937 1043 964 cum
1070 929 1121 963 ab
1147 928 1212 964 illo
1239 928 1276 963 in
1304 930 1439 963 castro
1465 927 1683 964 Frisacensi
1711 929 1881 969 clausus,
1907 930 2071 973 primum

219 987 427 1023 obsidione
455 988 615 1023 militum
642 990 853 1029 teneretur,
889 990 927 1023 et
954 997 1079 1032 usque
1104 988 1156 1023 ad
1182 989 1396 1024 extremam
1424 988 1704 1023 necessitatem
1732 988 1924 1024 deductus
1951 989 2071 1029 esset,

218 1047 431 1083 adiuvante
458 1057 545 1083 eum
571 1048 732 1083 viriliter
758 1047 1005 1093 Engilscalco
1033 1047 1210 1083 ministro
1237 1048 1430 1083 ecclesiae
1457 1047 1771 1092 Salzpurgensis,
1797 1049 1907 1082 tanta
1928 1047 2072 1082 virtute

218 1108 409 1151 tantaque
436 1107 661 1142 constantia
688 1109 859 1143 castrum
887 1107 1075 1148 defendit,
1102 1109 1143 1142 ut
1166 1107 1302 1143 hostes
1329 1107 1422 1143 illud
1447 1108 1536 1152 capi
1563 1108 1641 1143 ullo
1668 1107 1827 1152 ingenio
1847 1107 1910 1142 vel
1937 1107 2071 1141 labore

219 1175 339 1209 posse
372 1166 646 1211 desperantes.
685 1167 936 1203 obsidionem
971 1167 1184 1203 solverent.
1222 1167 1334 1203 Prius
1371 1169 1502 1202 tamen
1538 1167 1790 1211 constructis,
1826 1176 1874 1202 ne
1909 1166 2071 1202 liberam

219 1220 410 1256 haberent
435 1221 603 1256 exeundi
623 1221 685 1256 vel
713 1230 911 1266 quoquam
932 1221 1210 1266 progrediendi
1230 1220 1470 1262 facultatem,
1496 1221 1620 1256 tribus
1641 1221 1703 1256 vel
1731 1222 1901 1265 quatuor
1918 1220 2072 1264 castris,

218 1282 258 1315 et
284 1279 468 1316 militibus
495 1280 710 1325 dispositis,
737 1280 921 1316 adiuncta
949 1281 1067 1316 etiam
1094 1281 1184 1316 villa
1212 1280 1442 1320 Frisacensi,
1473 1289 1574 1324 quae
1600 1282 1693 1315 tunc
1721 1289 1799 1315 non
1826 1279 1927 1315 sicut
1954 1279 2071 1315 modo

218 1339 292 1375 sub
318 1341 463 1385 castro,
491 1340 563 1376 sed
588 1341 725 1375 contra
754 1342 926 1376 castrum
953 1349 1001 1375 ex
1027 1341 1150 1376 altera
1180 1342 1292 1384 parte
1318 1340 1423 1375 fluvii
1450 1340 1487 1374 in
1515 1340 1644 1375 medio
1672 1340 1913 1375 decurrentis
1942 1338 2071 1383 posita

203 1400 315 1443 -erat,
334 1401 374 1434 et
394 1399 555 1434 cottidie
575 1400 761 1435 trecentis
783 1399 905 1435 ferme
924 1399 1055 1435 loricis
1070 1399 1132 1435 vel
1151 1400 1315 1444 clippeis
1333 1399 1548 1435 instructos
1567 1399 1674 1435 cives
1695 1399 1880 1434 habebat.
1901 1397 2071 1434 Coactus

218 1458 377 1493 tandem
411 1460 491 1493 tam
527 1458 707 1494 diuturna
744 1460 783 1494 et
817 1459 962 1494 crudeli
995 1458 1212 1494 afflictione
1248 1458 1512 1493 marchionem
1547 1459 1596 1494 de
1630 1458 1788 1495 Hustria
1828 1458 2072 1503 Liupoldum,

219 1519 369 1561 patrem
404 1517 584 1559 Heinrici,
623 1518 687 1563 qui
714 1518 842 1554 adhuc
868 1525 1051 1563 superest
1085 1520 1124 1554 et
1163 1518 1272 1554 ducis
1308 1518 1466 1553 nomine
1500 1518 1633 1563 pollet,
1669 1518 1835 1562 pecunia
1870 1516 2070 1557 conduxit,

218 1586 387 1622 seseque
425 1578 476 1613 ab
514 1578 572 1613 his
612 1579 752 1622 quibus
793 1579 857 1614 diu
895 1579 1158 1614 circumdatus
1197 1580 1281 1613 erat
1319 1578 1511 1622 pressuris
1551 1578 1696 1613 auxilio
1735 1577 1835 1613 illius
1879 1576 2070 1619 liberavit,

219 1637 428 1673 destructis
461 1638 602 1673 castris
642 1638 782 1682 quibus
817 1637 985 1673 vallatus
1024 1639 1117 1680 erat,
1154 1639 1193 1672 et
1227 1637 1463 1672 adversariis
1503 1636 1683 1672 omnibus
1718 1637 1836 1682 longe
1873 1635 2071 1680 dispersis.

219 1695 356 1732 Verum
390 1706 478 1732 cum
512 1697 640 1732 adhuc
675 1698 766 1732 villa
803 1699 1017 1733 memorata
1053 1696 1292 1732 Frisacensis
1331 1696 1536 1731 incolumis
1575 1697 1763 1736 maneret,
1801 1697 1841 1730 et
1879 1693 2071 1739 refugium

218 1756 382 1791 inimicis
417 1758 622 1801 prestaret,
657 1757 842 1792 comitem
878 1758 926 1791 de
953 1756 1128 1792 Siliwich
1163 1757 1360 1791 convocat
1398 1755 1567 1798 occulto,
1604 1756 1643 1789 et
1678 1763 1765 1789 cum
1799 1754 1959 1789 militum
1993 1762 2071 1788 non

218 1819 340 1854 parva
369 1819 483 1846 manu
519 1811 620 1846 inter
645 1813 815 1846 castrum
844 1810 1071 1846 frisacense
1100 1811 1139 1845 et
1166 1810 1384 1853 proximum
1412 1810 1585 1845 montem
1610 1807 1833 1843 abscondit.
1859 1805 1956 1842 Orto
1975 1815 2072 1842 vero

218 1869 316 1913 sole,
344 1869 450 1905 exire
477 1870 571 1905 fecit
598 1871 791 1915 quosdam
818 1870 866 1905 de
893 1871 1027 1906 castro
1054 1870 1166 1914 quasi
1194 1869 1244 1904 ad
1271 1868 1488 1913 diripienda
1516 1877 1674 1913 pecora,
1710 1877 1811 1911 quae
1837 1867 1888 1901 ad
1914 1868 2070 1911 pastum

217 1929 474 1973 sequentibus
510 1930 735 1974 pastoribus
770 1929 1086 1975 egrediebantur.
1131 1928 1289 1964 Civibus
1325 1929 1457 1972 itaque
1491 1937 1579 1963 cum
1615 1927 1747 1962 furore
1782 1936 1926 1972 magno
1953 1934 2072 1970 super

219 1988 291 2024 hos
312 1988 557 2031 irruentibus,
576 1998 710 2025 comes
730 1999 816 2024 cum
836 1989 916 2025 suis
936 1989 1117 2032 occurrit,
1147 1990 1186 2024 et
1210 1975 1318 2023 tanta
1344 1989 1467 2023 caede
1495 1986 1691 2027 contrivit,
1720 1988 1761 2022 ut
1787 1986 1886 2021 ultra
1915 1994 2071 2020 manum

219 2048 350 2083 levare
385 2056 462 2083 non
501 2049 694 2084 auderent
728 2058 800 2085 nec
837 2051 1014 2093 possent.
1055 2047 1202 2092 Aperta
1238 2048 1372 2092 itaque
1406 2048 1470 2082 via
1505 2047 1695 2092 episcopo
1729 2048 1768 2081 et
1802 2046 1896 2086 suis,
1931 2046 2070 2080 ducem

219 2103 511 2146 persecutorem
543 2112 655 2137 suum
690 2104 800 2138 tanta
827 2103 1080 2138 animositate
1107 2104 1146 2138 et
1172 2102 1387 2146 pertinacia
1415 2101 1612 2146 persecuti
1638 2102 1741 2140 sunt,
1775 2101 1818 2135 ut
1843 2099 2071 2134 abiurantes

219 2170 380 2205 prorsus
401 2161 448 2196 de
470 2161 616 2205 praeda
637 2162 807 2198 hostium
829 2162 944 2197 nichil
963 2161 1170 2207 attingere,
1198 2162 1418 2197 iuramento
1439 2170 1596 2205 quoque
1616 2161 1814 2196 firmarent
1832 2169 1876 2194 se
1897 2160 2071 2202 paratos,

219 2220 441 2265 ubicunque
475 2223 726 2257 occurrerent
759 2221 842 2262 illis,
883 2230 954 2256 nec
988 2230 1060 2265 pro
1094 2231 1165 2257 sua
1201 2221 1401 2265 paucitate
1436 2229 1509 2256 nec
1544 2229 1615 2264 pro
1648 2220 1800 2254 illorum
1827 2217 2071 2253 multitudine

219 2276 328 2318 terga
357 2274 461 2315 dare,
488 2275 560 2310 sed
585 2277 653 2310 aut
679 2274 776 2310 mori
806 2274 970 2314 fortiter,
997 2276 1065 2309 aut
1091 2274 1225 2309 ulcisci
1253 2274 1353 2308 mala
1381 2283 1482 2317 quae
1508 2273 1546 2308 in
1573 2272 1782 2308 ecclesiam
1810 2271 1914 2306 beati
1942 2270 2071 2306 Ruod-

220 2334 316 2369 berti
351 2335 391 2368 et
425 2336 589 2370 sanctae
615 2334 770 2370 Mariae
795 2334 1097 2369 commisissent.
1134 2333 1245 2370 Unde
1281 2333 1427 2368 facturn
1464 2335 1535 2376 est,
1573 2335 1614 2367 ut
1649 2332 1874 2376 frequenter
1908 2331 2071 2375 egressi,

219 2396 258 2430 et
310 2393 559 2430 adversarios
606 2394 757 2429 eminus
803 2394 1059 2438 aspicientes,
1102 2403 1191 2428 mox
1236 2402 1355 2437 super
1397 2402 1468 2427 eos
1515 2393 1722 2432 irruerent,
1767 2393 1805 2426 et
1851 2390 1975 2425 caede
2023 2398 2070 2424 ac

219 2453 463 2489 mutilatione
484 2454 788 2498 vulneribusque
814 2453 867 2488 ita
895 2455 1158 2493 contererent,
1193 2455 1234 2488 ut
1261 2451 1498 2487 defendendi
1525 2461 1569 2486 se
1595 2461 1694 2486 ausu
1729 2451 1884 2495 penitus
1911 2449 2071 2492 amisso,

219 2520 329 2556 spem
365 2521 520 2547 omnem
555 2513 692 2548 salutis
727 2513 764 2548 in
799 2506 903 2558 fuga
928 2515 1132 2557 ponerent.
1177 2511 1442 2556 Quamobrem
1477 2511 1555 2546 dux
1593 2512 1674 2545 tam
1715 2519 1873 2546 suorum
1913 2508 2069 2554 ignavia

220 2574 336 2610 quarn
378 2566 540 2601 istorum
583 2565 806 2601 constantia
852 2566 1018 2602 consilio
1061 2565 1226 2610 perdito,
1272 2565 1365 2609 quid
1406 2565 1567 2607 faceret,
1613 2573 1691 2608 quo
1734 2573 1778 2599 se
1820 2563 2070 2598 converteret

219 2625 434 2666 nesciebat,
469 2625 558 2669 quia
595 2625 759 2661 cottidie
783 2625 901 2660 variis
936 2625 1113 2661 cladibus
1148 2625 1276 2669 perire
1309 2634 1404 2661 suos
1439 2624 1620 2665 videbat:
1654 2625 1693 2660 et
1727 2625 1858 2658 tamen
1895 2622 2069 2658 redditus

219 2684 467 2729 episcopales
508 2694 608 2729 quos
647 2685 723 2720 sibi
760 2684 1042 2720 vendicaverat
1080 2686 1278 2720 remittere
1317 2684 1478 2720 dolebat
1516 2686 1555 2718 et
1598 2683 1870 2718 erubescebat.
1919 2681 2069 2716 Interea

220 2743 431 2787 episcopus
465 2745 622 2779 centum
657 2753 809 2780 marcas
844 2745 986 2780 obtulit
1022 2745 1121 2786 duci,
1157 2745 1340 2789 quatinus
1375 2746 1414 2779 et
1449 2743 1644 2779 ecclesiae
1679 2743 1869 2787 parceret,
1905 2743 1943 2776 et
1974 2750 2070 2776 suos

219 2797 292 2832 sibi
318 2797 491 2832 redditus
524 2797 760 2833 restitueret.
795 2797 882 2842 Quo
909 2800 1105 2836 renuente.
1144 2797 1329 2833 ministris
1362 2797 1442 2833 suis
1475 2796 1642 2832 eandem
1676 2795 1882 2839 pecuniam
1917 2794 2069 2834 obtulit,

219 2859 261 2892 ut
279 2856 425 2891 auxilio
445 2856 519 2892 sibi
545 2858 680 2892 essent
706 2857 756 2892 ad
783 2857 1051 2902 recuperanda
1073 2866 1174 2901 quae
1196 2857 1271 2892 dux
1299 2856 1541 2891 abstulisset.
1567 2855 1686 2899 quue
1714 2863 1801 2889 cum
1827 2863 1871 2889 se
1893 2853 2069 2889 facturos

218 2915 436 2951 firmissime
470 2915 753 2959 promitterent,
785 2925 952 2962 surgens
986 2916 1213 2961 episcopus,
1245 2917 1284 2951 et
1316 2915 1368 2950 ad
1400 2914 1576 2960 singulas
1602 2914 1766 2949 veniens
1803 2913 1942 2953 curias,
1979 2921 2069 2947 cru—

219 2984 382 3019 cemque
408 2983 526 3019 super
552 2977 687 3019 portas
713 2984 887 3019 ponens:
919 2975 1037 3018 Haec,
1069 2976 1205 3019 inquit,
1233 2975 1337 3010 bona
1359 2984 1407 3010 ex
1435 2976 1545 3018 parte
1571 2973 1640 3009 Dei
1668 2972 1951 3017 omnipotentis
1981 2972 2069 3007 duci

219 3028 422 3064 interdico.
467 3027 578 3072 Quae
614 3028 648 3064 si
686 3028 786 3064 ultra
825 3029 1012 3064 invadere
1050 3028 1349 3073 presumpserit,
1392 3028 1580 3063 ultionem
1619 3026 1689 3062 Dei
1728 3028 1767 3061 et
1806 3026 2068 3061 ministrorum

218 3087 411 3123 ecclesiae
437 3088 593 3123 sentiat.
620 3087 703 3122 Hoc
724 3087 832 3123 facto
858 3088 936 3123 dux
963 3090 1240 3124 consternatus
1268 3087 1412 3126 animo.
1438 3087 1556 3121 vellet
1583 3085 1704 3121 nollet
1729 3095 1752 3120 a
1773 3085 2069 3130 presumptione

219 3155 290 3182 sua
318 3147 478 3191 quievit,
514 3149 553 3182 et
579 3146 784 3182 interdicta
819 3147 892 3183 sibi
928 3147 1032 3183 bona
1068 3147 1229 3182 ulterius
1264 3155 1341 3181 non
1368 3146 1548 3191 contigit.
1587 3144 1760 3189 Cumque
1791 3146 2021 3189 argueretur
2046 3153 2068 3178 a

219 3205 312 3246 suis,
347 3206 454 3249 quod
489 3197 613 3240 minas
648 3205 777 3241 clerici
810 3207 1110 3250 expavesceret,
1144 3206 1217 3240 ait:
1257 3205 1342 3240 Non
1381 3205 1495 3245 hunc,
1529 3205 1600 3240 sed
1636 3204 1768 3249 potius
1804 3203 1888 3239 eius
1928 3203 2069 3237 milites

219 3273 423 3308 pannosos
459 3273 679 3309 provocare
712 3265 750 3300 in
784 3266 995 3309 perniciem
1030 3267 1201 3301 vestram
1236 3267 1275 3299 et
1311 3264 1483 3299 dedecus
1519 3273 1646 3299 meum
1681 3262 1884 3302 erubesco,
1919 3262 2009 3306 quia
2036 3262 2067 3295 si

219 3324 358 3359 iterum
384 3325 521 3359 contra
547 3325 799 3365 surrexerint,
837 3326 876 3360 et
902 3324 1140 3370 rubiginosis
1167 3323 1308 3369 gladiis
1334 3332 1407 3358 vos
1434 3323 1607 3358 funditus
1634 3323 1834 3363 delebunt,
1866 3324 1906 3357 et
1934 3331 1993 3356 me
2020 3321 2068 3355 de

218 3384 321 3418 terra
341 3383 495 3418 eicient.
523 3383 578 3418 Ex
603 3385 696 3418 tunc
720 3383 885 3419 inimicis
913 3384 1090 3419 contritis
1117 3384 1330 3428 episcopus
1349 3392 1420 3419 sua
1440 3383 1525 3418 sine
1545 3382 1859 3418 contradictione
1879 3380 2067 3425 possedit,

219 3444 258 3477 et
285 3442 468 3485 quamdiu
494 3443 590 3478 vixit
615 3442 948 3487 archiepiscopus,
975 3443 1145 3478 ecclesia
1173 3451 1310 3483 pacem
1339 3441 1508 3477 habuit.“
